{
    "success": true,
    "error_code": 1000000,
    "result": [
        {
            "goods_id": 333016054907,
            "goods_name": "ANTWANT2022新款100%纯棉重工烫钻刺绣小众设计感t恤女ins夏t恤女",
            "short_name": "ANTWANT2022新款100%纯棉重工烫钻刺绣小众设计感t恤女ins夏t恤女",
            "thumb_url": "https://img.pddpic.com/gaudit-image/2022-03-03/452e096d991637d9e33390cf870e2246.jpeg",
            "hd_thumb_url": "https://img.pddpic.com/gaudit-image/2022-03-03/452e096d991637d9e33390cf870e2246.jpeg",
            "sales": 278,
            "group_price": 2380,
            "normal_price": 5290,
            "market_price": 19800,
            "sales_tip": "已拼278件",
            "link_url": "goods.html?goods_id=333016054907",
            "hd_url": "https://img.pddpic.com/mms-material-img/2022-03-03/674ca45c-370a-4d41-a0fd-772d360f0242.jpeg.a.jpeg",
            "quantity": 58382,
            "activity_type": 34,
            "activity_start_time": 1648137600,
            "activity_end_time": 1711296000,
            "cat_id1": 8439,
            "scores": {},
            "group_price_origin": 4990
        },
        {
            "goods_id": 218660856941,
            "goods_name": "对白【东方绮梦】牛仔外套女宽松韩版上衣2021秋装新款工装风夹克",
            "short_name": "对白【东方绮梦】牛仔外套女宽松韩版上衣2021秋装新款工装风夹克",
            "thumb_url": "https://t00img.yangkeduo.com/goods/images/2021-03-20/e7b962493768de7f089be688dcc857d9.jpeg",
            "hd_thumb_url": "https://t00img.yangkeduo.com/goods/images/2021-03-20/e7b962493768de7f089be688dcc857d9.jpeg",
            "sales": 925,
            "group_price": 15900,
            "normal_price": 29900,
            "market_price": 68900,
            "sales_tip": "总售1020+件",
            "link_url": "goods.html?goods_id=218660856941",
            "hd_url": "https://img.pddpic.com/mms-material-img/2021-03-17/53316b6d-a47c-4494-98e5-2fb8473aef30.jpeg.a.jpeg",
            "quantity": 22,
            "activity_type": 34,
            "activity_start_time": 1647964800,
            "activity_end_time": 1711900800,
            "cat_id1": 8439,
            "scores": {},
            "group_price_origin": 25990
        },
        {
            "goods_id": 326404361287,
            "goods_name": "2022春夏裤子男女士侧条纹休闲裤宽松直筒开衩阔腿裤大码高街卫裤",
            "short_name": "2022春夏裤子男女士侧条纹休闲裤宽松直筒开衩阔腿裤大码高街卫裤",
            "thumb_url": "https://img.pddpic.com/gaudit-image/2022-02-12/f7814c9641e522c93869d33cae5f32dc.jpeg",
            "hd_thumb_url": "https://img.pddpic.com/gaudit-image/2022-02-12/f7814c9641e522c93869d33cae5f32dc.jpeg",
            "sales": 714,
            "group_price": 3200,
            "normal_price": 4200,
            "market_price": 8800,
            "sales_tip": "已拼714件",
            "link_url": "goods.html?goods_id=326404361287",
            "hd_url": "https://img.pddpic.com/open-gw/2022-02-12/a816b43a-4991-4bf0-b43a-ac3f1e729570.jpeg",
            "quantity": 1931,
            "activity_type": 34,
            "activity_start_time": 1648396800,
            "activity_end_time": 1711555200,
            "cat_id1": 8439,
            "scores": {},
            "group_price_origin": 3980
        },
        {
            "goods_id": 232334915284,
            "goods_name": "衣品天成吊带连衣裙2022新款夏季潮裙子甜美性感外穿吊带裙a字裙",
            "short_name": "衣品天成吊带连衣裙2022新款夏季潮裙子甜美性感外穿吊带裙a字裙",
            "thumb_url": "https://t00img.yangkeduo.com/goods/images/2021-07-16/391ba77896740de92fa598262a0be3c3.jpeg",
            "hd_thumb_url": "https://t00img.yangkeduo.com/goods/images/2021-07-16/391ba77896740de92fa598262a0be3c3.jpeg",
            "sales": 3188,
            "group_price": 6900,
            "normal_price": 11900,
            "market_price": 45900,
            "sales_tip": "已拼3188件",
            "link_url": "goods.html?goods_id=232334915284",
            "hd_url": "https://img.pddpic.com/mms-material-img/2021-07-16/0c6ce026-3f8e-4a5e-a69b-94ae8bf89d8e.jpeg.a.jpeg",
            "quantity": 96,
            "activity_type": 34,
            "activity_start_time": 1648483200,
            "activity_end_time": 1711900800,
            "cat_id1": 8439,
            "scores": {},
            "group_price_origin": 10900
        },
        {
            "goods_id": 241741337064,
            "goods_name": "对白【杜鹃同款】三防黑科技直筒牛仔裤女2021新款高腰宽松锥形裤",
            "short_name": "对白【杜鹃同款】三防黑科技直筒牛仔裤女2021新款高腰宽松锥形裤",
            "thumb_url": "https://t00img.yangkeduo.com/goods/images/2021-05-06/963a547be2bddb3c429fae081865faf0.jpeg",
            "hd_thumb_url": "https://t00img.yangkeduo.com/goods/images/2021-05-06/963a547be2bddb3c429fae081865faf0.jpeg",
            "sales": 2077,
            "group_price": 8700,
            "normal_price": 19900,
            "market_price": 43900,
            "sales_tip": "总售2563件",
            "link_url": "goods.html?goods_id=241741337064",
            "hd_url": "https://img.pddpic.com/mms-material-img/2021-05-06/ae482ef0-7b03-4129-ac5b-dfb9a69e910e.jpeg.a.jpeg",
            "quantity": 555,
            "activity_type": 34,
            "activity_start_time": 1648483200,
            "activity_end_time": 1711900800,
            "cat_id1": 8439,
            "scores": {},
            "group_price_origin": 16900
        },
        {
            "goods_id": 322297038982,
            "goods_name": "斯尔丽秋冬季时尚小棉衣女妈妈装韩版减龄大码宽松外套气质棒球服",
            "short_name": "斯尔丽秋冬季时尚小棉衣女妈妈装韩版减龄大码宽松外套气质棒球服",
            "thumb_url": "https://img.pddpic.com/gaudit-image/2022-01-09/c1136bc80dfa5f2787ee690f14c5c76d.jpeg",
            "hd_thumb_url": "https://img.pddpic.com/gaudit-image/2022-01-09/c1136bc80dfa5f2787ee690f14c5c76d.jpeg",
            "sales": 1033,
            "group_price": 11900,
            "normal_price": 17900,
            "market_price": 18000,
            "sales_tip": "已拼1033件",
            "link_url": "goods.html?goods_id=322297038982",
            "hd_url": "https://img.pddpic.com/mms-material-img/2022-01-09/30039f91-858b-44e0-9da0-e531cebb23e4.jpeg.a.jpeg",
            "quantity": 2776,
            "activity_type": 34,
            "activity_start_time": 1646444520,
            "activity_end_time": 1677945599,
            "cat_id1": 8439,
            "scores": {},
            "group_price_origin": 16000
        },
        {
            "goods_id": 249888246407,
            "goods_name": "LRUD牛仔半身裙中长款气质2022春秋新款韩版高腰显瘦A字裙子女潮",
            "short_name": "LRUD牛仔半身裙中长款气质2022春秋新款韩版高腰显瘦A字裙子女潮",
            "thumb_url": "https://t00img.yangkeduo.com/goods/images/2021-06-04/85c91146a4d4dd689cb765f67c5b6662.jpeg",
            "hd_thumb_url": "https://t00img.yangkeduo.com/goods/images/2021-06-04/85c91146a4d4dd689cb765f67c5b6662.jpeg",
            "sales": 4948,
            "group_price": 7070,
            "normal_price": 8870,
            "market_price": 9900,
            "sales_tip": "已拼4948件",
            "link_url": "goods.html?goods_id=249888246407",
            "hd_url": "https://img.pddpic.com/open-gw/2021-06-04/da2816e440eee9dfd6dbe9ab14cf3b73.jpeg",
            "quantity": 3984,
            "activity_type": 28,
            "activity_start_time": 1648385195,
            "activity_end_time": 1711543595,
            "cat_id1": 8439,
            "scores": {},
            "group_price_origin": 7191
        },
        {
            "goods_id": 305868460154,
            "goods_name": "森马男士羽绒服连帽潮流保暖",
            "short_name": "森马男士羽绒服连帽潮流保暖",
            "thumb_url": "https://img.pddpic.com/gaudit-image/2021-11-27/8bc4b4e3b4afcd2156b3e20fd986e725.jpeg",
            "hd_thumb_url": "https://img.pddpic.com/gaudit-image/2021-11-27/8bc4b4e3b4afcd2156b3e20fd986e725.jpeg",
            "sales": 511,
            "group_price": 26936,
            "normal_price": 100000,
            "market_price": 100100,
            "sales_tip": "已拼511件",
            "link_url": "goods.html?goods_id=305868460154",
            "hd_url": "https://img.pddpic.com/open-gw/2021-11-27/648c273d7ad06d129389757abd7e520e.jpeg",
            "quantity": 1602,
            "activity_type": 34,
            "activity_start_time": 1648128199,
            "activity_end_time": 1711286599,
            "cat_id1": 8439,
            "scores": {},
            "group_price_origin": 35900
        },
        {
            "goods_id": 322159070072,
            "goods_name": "真维斯卫衣女2022春季新款圆领套头打底衫韩版宽松字母长袖T恤潮",
            "short_name": "真维斯卫衣女2022春季新款圆领套头打底衫韩版宽松字母长袖T恤潮",
            "thumb_url": "https://img.pddpic.com/gaudit-image/2022-01-09/f2d08da27a4a039bba92178500d35a68.jpeg",
            "hd_thumb_url": "https://img.pddpic.com/gaudit-image/2022-01-09/f2d08da27a4a039bba92178500d35a68.jpeg",
            "sales": 4293,
            "group_price": 3890,
            "normal_price": 9900,
            "market_price": 12900,
            "sales_tip": "已拼4293件",
            "link_url": "goods.html?goods_id=322159070072",
            "hd_url": "https://img.pddpic.com/mms-material-img/2022-01-09/7202f9db-4b73-434e-9262-0d374801c199.jpeg.a.jpeg",
            "quantity": 8839,
            "activity_type": 34,
            "activity_start_time": 1645113600,
            "activity_end_time": 1711814400,
            "cat_id1": 8439,
            "scores": {},
            "group_price_origin": 8900
        },
        {
            "goods_id": 174539214660,
            "goods_name": "TERRE BLEUE春季新款西服女小香风宽松条纹长袖休闲小西装外套女",
            "short_name": "TERRE BLEUE春季新款西服女小香风宽松条纹长袖休闲小西装外套女",
            "thumb_url": "https://t00img.yangkeduo.com/goods/images/2020-09-07/5006f1cf5aee8a0d9d87cb5481bae1fb.jpeg",
            "hd_thumb_url": "https://t00img.yangkeduo.com/goods/images/2020-09-07/5006f1cf5aee8a0d9d87cb5481bae1fb.jpeg",
            "sales": 4604,
            "group_price": 8265,
            "normal_price": 19900,
            "market_price": 68800,
            "sales_tip": "已拼4604件",
            "link_url": "goods.html?goods_id=174539214660",
            "hd_url": "https://t00img.yangkeduo.com/openapi/images/2020-09-07/2249fa31a82fc480bcfbf3b9946f90f6.jpg",
            "quantity": 691,
            "activity_type": 28,
            "activity_start_time": 1648552465,
            "activity_end_time": 1711710865,
            "cat_id1": 8439,
            "scores": {},
            "group_price_origin": 8900
        },
        {
            "goods_id": 324806341796,
            "goods_name": "蓝海奕诺克莱因蓝风衣女中长款春秋2022年新款英伦风高档流行外套",
            "short_name": "蓝海奕诺克莱因蓝风衣女中长款春秋2022年新款英伦风高档流行外套",
            "thumb_url": "https://img.pddpic.com/gaudit-image/2022-01-19/05ef81ff0928d685cd96ce716084965f.jpeg",
            "hd_thumb_url": "https://img.pddpic.com/gaudit-image/2022-01-19/05ef81ff0928d685cd96ce716084965f.jpeg",
            "sales": 10318,
            "group_price": 15218,
            "normal_price": 30800,
            "market_price": 35800,
            "sales_tip": "已拼1万件",
            "link_url": "goods.html?goods_id=324806341796",
            "hd_url": "https://img.pddpic.com/mms-material-img/2022-01-19/be2cc4e6-b619-48c5-9810-b909f5eb82ac.jpeg.a.jpeg",
            "quantity": 70025,
            "activity_type": 34,
            "activity_start_time": 1648396800,
            "activity_end_time": 1711555200,
            "cat_id1": 8439,
            "scores": {},
            "group_price_origin": 25800
        },
        {
            "goods_id": 264561078098,
            "goods_name": "雪中飞短袖t恤男女同款ins超火2022年新款夏季大码纯棉上衣体恤衫",
            "short_name": "雪中飞短袖t恤男女同款ins超火2022年新款夏季大码纯棉上衣体恤衫",
            "thumb_url": "https://t00img.yangkeduo.com/goods/images/2021-07-25/72697493e262a128a7f2739e418a2615.jpeg",
            "hd_thumb_url": "https://t00img.yangkeduo.com/goods/images/2021-07-25/72697493e262a128a7f2739e418a2615.jpeg",
            "sales": 3872,
            "group_price": 3500,
            "normal_price": 6900,
            "market_price": 19900,
            "sales_tip": "总售1.4万件",
            "link_url": "goods.html?goods_id=264561078098",
            "hd_url": "https://img.pddpic.com/mms-material-img/2021-07-25/316c9f52-33af-42b4-a558-c33617e3f471.jpeg.a.jpeg",
            "quantity": 6201,
            "activity_type": 34,
            "activity_start_time": 1646236800,
            "activity_end_time": 1711900800,
            "cat_id1": 8439,
            "scores": {},
            "group_price_origin": 6000
        },
        {
            "goods_id": 261882701752,
            "goods_name": "对白美式复古时髦牛仔外套女2021秋季新款宽松休闲落肩夹克牛仔衣",
            "short_name": "对白美式复古时髦牛仔外套女2021秋季新款宽松休闲落肩夹克牛仔衣",
            "thumb_url": "https://t00img.yangkeduo.com/goods/images/2021-07-23/bab5cf40e7ae93cb4601ea4e36d85eaa.jpeg",
            "hd_thumb_url": "https://t00img.yangkeduo.com/goods/images/2021-07-23/bab5cf40e7ae93cb4601ea4e36d85eaa.jpeg",
            "sales": 563,
            "group_price": 19800,
            "normal_price": 34990,
            "market_price": 87900,
            "sales_tip": "总售590+件",
            "link_url": "goods.html?goods_id=261882701752",
            "hd_url": "https://img.pddpic.com/mms-material-img/2021-07-15/4e56919a-99e6-4700-acb3-ffb387c16a3d.jpeg.a.jpeg",
            "quantity": 16,
            "activity_type": 34,
            "activity_start_time": 1648137600,
            "activity_end_time": 1711900800,
            "cat_id1": 8439,
            "scores": {},
            "group_price_origin": 31990
        },
        {
            "goods_id": 101156322291,
            "goods_name": "梦舒雅西装裤女2022春季新款直筒宽松烟管裤休闲西裤显瘦九分裤女",
            "short_name": "梦舒雅西装裤女2022春季新款直筒宽松烟管裤休闲西裤显瘦九分裤女",
            "thumb_url": "https://t00img.yangkeduo.com/goods/images/2020-03-31/18543af12c15c7697067a405d1ac61c9.jpeg",
            "hd_thumb_url": "https://t00img.yangkeduo.com/goods/images/2020-03-31/18543af12c15c7697067a405d1ac61c9.jpeg",
            "sales": 2581,
            "group_price": 6900,
            "normal_price": 29900,
            "market_price": 39900,
            "sales_tip": "已拼2581件",
            "link_url": "goods.html?goods_id=101156322291",
            "hd_url": "https://t00img.yangkeduo.com/goods/images/2020-03-31/bd6aca1d-de23-464e-918a-1e57747a55d2.jpg",
            "quantity": 2480,
            "activity_type": 34,
            "activity_start_time": 1621353600,
            "activity_end_time": 1685808000,
            "cat_id1": 8439,
            "scores": {},
            "group_price_origin": 29800
        },
        {
            "goods_id": 321858720656,
            "goods_name": "五季家大码胖mm金丝绒连衣裙显瘦复古名媛风宴会敬酒服高级晚礼服",
            "short_name": "五季家大码胖mm金丝绒连衣裙显瘦复古名媛风宴会敬酒服高级晚礼服",
            "thumb_url": "https://img.pddpic.com/gaudit-image/2022-01-14/dcbb75f4b8b69549a5ae3b1a81a0ee39.jpeg",
            "hd_thumb_url": "https://img.pddpic.com/gaudit-image/2022-01-14/dcbb75f4b8b69549a5ae3b1a81a0ee39.jpeg",
            "sales": 458,
            "group_price": 14016,
            "normal_price": 15900,
            "market_price": 79000,
            "sales_tip": "已拼458件",
            "link_url": "goods.html?goods_id=321858720656",
            "hd_url": "https://img.pddpic.com/mms-material-img/2022-01-08/5ab39252-951c-443b-a69d-17cbe4d5a137.jpeg.a.jpeg",
            "quantity": 669,
            "activity_type": 28,
            "activity_start_time": 1647523574,
            "activity_end_time": 1710681974,
            "cat_id1": 8439,
            "scores": {},
            "group_price_origin": 15800
        },
        {
            "goods_id": 331537214863,
            "goods_name": "【拉夏贝尔】开叉牛仔裤女2022新款高腰微喇显瘦小个子九分喇叭裤",
            "short_name": "【拉夏贝尔】开叉牛仔裤女2022新款高腰微喇显瘦小个子九分喇叭裤",
            "thumb_url": "https://img.pddpic.com/gaudit-image/2022-02-27/4e89012bef0d36931f9c1a45dc05a6b4.jpeg",
            "hd_thumb_url": "https://img.pddpic.com/gaudit-image/2022-02-27/4e89012bef0d36931f9c1a45dc05a6b4.jpeg",
            "sales": 11815,
            "group_price": 5390,
            "normal_price": 21900,
            "market_price": 22000,
            "sales_tip": "已拼1.1万件",
            "link_url": "goods.html?goods_id=331537214863",
            "hd_url": "https://img.pddpic.com/mms-material-img/2022-02-27/0a564940-0e0c-4b24-a925-3baf65ea01cc.jpeg.a.jpeg",
            "quantity": 105591,
            "activity_type": 34,
            "activity_start_time": 1646815000,
            "activity_end_time": 1709973400,
            "cat_id1": 8439,
            "scores": {},
            "group_price_origin": 14900
        },
        {
            "goods_id": 323872218152,
            "goods_name": "白鹿明星同款香影双面呢大衣女秋冬2021新款中长呢子羊毛毛呢外套",
            "short_name": "白鹿明星同款香影双面呢大衣女秋冬2021新款中长呢子羊毛毛呢外套",
            "thumb_url": "https://img.pddpic.com/gaudit-image/2022-01-15/0f79c40c67621a33e2d41ebfed49c4c9.jpeg",
            "hd_thumb_url": "https://img.pddpic.com/gaudit-image/2022-01-15/0f79c40c67621a33e2d41ebfed49c4c9.jpeg",
            "sales": 52,
            "group_price": 56899,
            "normal_price": 88100,
            "market_price": 156200,
            "sales_tip": "已拼52件",
            "link_url": "goods.html?goods_id=323872218152",
            "hd_url": "https://img.pddpic.com/open-gw/2022-01-15/c72c893bddbe4420d1000abd0628130f.jpg",
            "quantity": 379,
            "activity_type": 34,
            "activity_start_time": 1648104406,
            "activity_end_time": 1711262806,
            "cat_id1": 8439,
            "scores": {},
            "group_price_origin": 87900
        },
        {
            "goods_id": 329815652758,
            "goods_name": "PASS真丝长袖衬衫女抗皱设计感小众韩版百搭春秋季新款通勤衬衣",
            "short_name": "PASS真丝长袖衬衫女抗皱设计感小众韩版百搭春秋季新款通勤衬衣",
            "thumb_url": "https://img.pddpic.com/gaudit-image/2022-02-23/7a34bc5b7ec05235d2c47948be0fd6ab.jpeg",
            "hd_thumb_url": "https://img.pddpic.com/gaudit-image/2022-02-23/7a34bc5b7ec05235d2c47948be0fd6ab.jpeg",
            "sales": 767,
            "group_price": 5800,
            "normal_price": 8500,
            "market_price": 8600,
            "sales_tip": "已拼767件",
            "link_url": "goods.html?goods_id=329815652758",
            "hd_url": "https://img.pddpic.com/mms-material-img/2022-02-23/53e4c143-bec0-4587-b850-adb62b5f5464.jpeg.a.jpeg",
            "quantity": 11605,
            "activity_type": 28,
            "activity_start_time": 1648382234,
            "activity_end_time": 1711540634,
            "cat_id1": 8439,
            "scores": {},
            "group_price_origin": 7990
        },
        {
            "goods_id": 319263579933,
            "goods_name": "蓝海奕诺紫色羽绒棉服女中长款2021年新款冬季韩版宽松过膝外套潮",
            "short_name": "蓝海奕诺紫色羽绒棉服女中长款2021年新款冬季韩版宽松过膝外套潮",
            "thumb_url": "https://img.pddpic.com/gaudit-image/2022-01-01/72cbfe1a99c53ef45bc6ec22b38404dd.jpeg",
            "hd_thumb_url": "https://img.pddpic.com/gaudit-image/2022-01-01/72cbfe1a99c53ef45bc6ec22b38404dd.jpeg",
            "sales": 10729,
            "group_price": 8409,
            "normal_price": 38800,
            "market_price": 43800,
            "sales_tip": "已拼1万件",
            "link_url": "goods.html?goods_id=319263579933",
            "hd_url": "https://img.pddpic.com/mms-material-img/2022-01-01/fb8ecaf3-a5fa-4a25-a186-84f1c57faa44.jpeg.a.jpeg",
            "quantity": 49562,
            "activity_type": 28,
            "activity_start_time": 1648211976,
            "activity_end_time": 1711370376,
            "cat_id1": 8439,
            "scores": {},
            "group_price_origin": 33800
        },
        {
            "goods_id": 293670990087,
            "goods_name": "I'm David 日系连帽卫衣女2022新款春秋宽松设计感潮ins春装外套",
            "short_name": "I'm David 日系连帽卫衣女2022新款春秋宽松设计感潮ins春装外套",
            "thumb_url": "https://img.pddpic.com/gaudit-image/2022-03-15/f129a881078ec3a4d3f93c892e4cf2c5.jpeg",
            "hd_thumb_url": "https://img.pddpic.com/gaudit-image/2022-03-15/f129a881078ec3a4d3f93c892e4cf2c5.jpeg",
            "sales": 11792,
            "group_price": 5293,
            "normal_price": 8990,
            "market_price": 29900,
            "sales_tip": "已拼1.1万件",
            "link_url": "goods.html?goods_id=293670990087",
            "hd_url": "https://img.pddpic.com/mms-material-img/2021-10-28/68a5f582-3a58-4bb6-8c24-eb388c5baffe.png",
            "quantity": 74894,
            "activity_type": 34,
            "activity_start_time": 1648483200,
            "activity_end_time": 1711641600,
            "cat_id1": 8439,
            "scores": {},
            "group_price_origin": 7990
        },
        {
            "goods_id": 225835352749,
            "goods_name": "TERRE BLEUE小香风西服2022春季新款气质百搭中长款小西装外套女",
            "short_name": "TERRE BLEUE小香风西服2022春季新款气质百搭中长款小西装外套女",
            "thumb_url": "https://t00img.yangkeduo.com/goods/images/2021-03-16/3fd03b28a6de33882cd8d8b11ca309c1.jpeg",
            "hd_thumb_url": "https://t00img.yangkeduo.com/goods/images/2021-03-16/3fd03b28a6de33882cd8d8b11ca309c1.jpeg",
            "sales": 4631,
            "group_price": 8800,
            "normal_price": 29900,
            "market_price": 76900,
            "sales_tip": "已拼4631件",
            "link_url": "goods.html?goods_id=225835352749",
            "hd_url": "https://t00img.yangkeduo.com/openapi/images/44a226120a3a4658b892c3bc8f4b8f33.jpg",
            "quantity": 392,
            "activity_type": 28,
            "activity_start_time": 1648552459,
            "activity_end_time": 1711710859,
            "cat_id1": 8439,
            "scores": {},
            "group_price_origin": 8900
        },
        {
            "goods_id": 323489772201,
            "goods_name": "她池2022春装新款女士韩版长袖圆领撞色宽松显瘦减龄气质针织衫",
            "short_name": "她池2022春装新款女士韩版长袖圆领撞色宽松显瘦减龄气质针织衫",
            "thumb_url": "https://img.pddpic.com/gaudit-image/2022-03-02/7227a2213a6e559e1f2a06594034e009.jpeg",
            "hd_thumb_url": "https://img.pddpic.com/gaudit-image/2022-03-02/7227a2213a6e559e1f2a06594034e009.jpeg",
            "sales": 1350,
            "group_price": 4400,
            "normal_price": 29800,
            "market_price": 29900,
            "sales_tip": "已拼1350件",
            "link_url": "goods.html?goods_id=323489772201",
            "hd_url": "https://img.pddpic.com/mms-material-img/2022-03-02/53d23a55-6630-4cf6-bd95-891774c34c54.jpeg.a.jpeg",
            "quantity": 5280,
            "activity_type": 34,
            "activity_start_time": 1647920100,
            "activity_end_time": 1651334399,
            "cat_id1": 8439,
            "scores": {},
            "group_price_origin": 7900
        },
        {
            "goods_id": 329045842167,
            "goods_name": "HELLO KOMA纯棉短袖T恤女学生韩版宽松夏季新款卡通印花上衣服潮",
            "short_name": "HELLO KOMA纯棉短袖T恤女学生韩版宽松夏季新款卡通印花上衣服潮",
            "thumb_url": "https://img.pddpic.com/gaudit-image/2022-02-21/5c2a4fd0741206a86e506a9c2dace685.jpeg",
            "hd_thumb_url": "https://img.pddpic.com/gaudit-image/2022-02-21/5c2a4fd0741206a86e506a9c2dace685.jpeg",
            "sales": 2206,
            "group_price": 1890,
            "normal_price": 5200,
            "market_price": 5300,
            "sales_tip": "已拼2206件",
            "link_url": "goods.html?goods_id=329045842167",
            "hd_url": "https://img.pddpic.com/mms-material-img/2022-02-21/66f994f3-2a46-4698-9a5f-a2afb67d4ec0.jpeg",
            "quantity": 197405,
            "activity_type": 28,
            "activity_start_time": 1645932813,
            "activity_end_time": 1709004813,
            "cat_id1": 8439,
            "scores": {},
            "group_price_origin": 4900
        },
        {
            "goods_id": 219935888850,
            "goods_name": "MshGirl 2022春季新款少女装时尚撞色拼接连帽显瘦遮肉风衣外套女",
            "short_name": "MshGirl 2022春季新款少女装时尚撞色拼接连帽显瘦遮肉风衣外套女",
            "thumb_url": "https://t00img.yangkeduo.com/goods/images/2021-01-31/2c7fdc557cd99c7dfbc51bbf6494d065.jpeg",
            "hd_thumb_url": "https://t00img.yangkeduo.com/goods/images/2021-01-31/2c7fdc557cd99c7dfbc51bbf6494d065.jpeg",
            "sales": 1954,
            "group_price": 10800,
            "normal_price": 19900,
            "market_price": 56900,
            "sales_tip": "已拼1954件",
            "link_url": "goods.html?goods_id=219935888850",
            "hd_url": "https://img.pddpic.com/mms-material-img/2021-01-31/2021-01-31/e66a3253-b37c-4098-ace5-61b5f93a71c8.jpeg.a.jpeg",
            "quantity": 1826,
            "activity_type": 34,
            "activity_start_time": 1631980800,
            "activity_end_time": 1695052800,
            "cat_id1": 8439,
            "scores": {},
            "group_price_origin": 17900
        },
        {
            "goods_id": 333604970510,
            "goods_name": "美帛春秋款灰色阔腿裤女显瘦高腰垂感直筒宽松拖地裤休闲运动裤",
            "short_name": "美帛春秋款灰色阔腿裤女显瘦高腰垂感直筒宽松拖地裤休闲运动裤",
            "thumb_url": "https://img.pddpic.com/gaudit-image/2022-03-05/067c9a46afd156ad78ee2d8c2feac1c4.jpeg",
            "hd_thumb_url": "https://img.pddpic.com/gaudit-image/2022-03-05/067c9a46afd156ad78ee2d8c2feac1c4.jpeg",
            "sales": 1318,
            "group_price": 3700,
            "normal_price": 6500,
            "market_price": 9900,
            "sales_tip": "已拼1318件",
            "link_url": "goods.html?goods_id=333604970510",
            "hd_url": "https://img.pddpic.com/mms-material-img/2022-03-05/64aa36c9-bf02-467f-af81-4507816a7d86.jpeg.a.jpeg",
            "quantity": 9312,
            "activity_type": 34,
            "activity_start_time": 1648051200,
            "activity_end_time": 1711209600,
            "cat_id1": 8439,
            "scores": {},
            "group_price_origin": 5990
        },
        {
            "goods_id": 319626749223,
            "goods_name": "五季家大码女装胖妹妹mm名媛风连衣裙2022年新款春装气质蕾丝长裙",
            "short_name": "五季家大码女装胖妹妹mm名媛风连衣裙2022年新款春装气质蕾丝长裙",
            "thumb_url": "https://img.pddpic.com/gaudit-image/2022-01-06/d1db75a9c4e15d75a4dbf85a8f8ed846.jpeg",
            "hd_thumb_url": "https://img.pddpic.com/gaudit-image/2022-01-06/d1db75a9c4e15d75a4dbf85a8f8ed846.jpeg",
            "sales": 279,
            "group_price": 17779,
            "normal_price": 20900,
            "market_price": 114000,
            "sales_tip": "已拼279件",
            "link_url": "goods.html?goods_id=319626749223",
            "hd_url": "https://img.pddpic.com/mms-material-img/2022-01-02/656a8aa7-dbda-4e6b-b350-14821f90042a.jpeg.a.jpeg",
            "quantity": 348,
            "activity_type": 28,
            "activity_start_time": 1647509163,
            "activity_end_time": 1710667563,
            "cat_id1": 8439,
            "scores": {},
            "group_price_origin": 18720
        },
        {
            "goods_id": 286954077987,
            "goods_name": "Reshake喇叭牛仔裤女春装新款高腰修身显瘦显高弹力微喇加长裤子",
            "short_name": "Reshake喇叭牛仔裤女春装新款高腰修身显瘦显高弹力微喇加长裤子",
            "thumb_url": "https://img.pddpic.com/gaudit-image/2021-11-18/27d1061ca20ad1f19b32cdfa73ebb5b7.jpeg",
            "hd_thumb_url": "https://img.pddpic.com/gaudit-image/2021-11-18/27d1061ca20ad1f19b32cdfa73ebb5b7.jpeg",
            "sales": 869,
            "group_price": 7266,
            "normal_price": 19800,
            "market_price": 29800,
            "sales_tip": "已拼869件",
            "link_url": "goods.html?goods_id=286954077987",
            "hd_url": "https://img.pddpic.com/mms-material-img/2021-10-11/b571a73c-9a40-4953-92b6-e0888a443e46.jpeg.a.jpeg",
            "quantity": 63572,
            "activity_type": 34,
            "activity_start_time": 1647100800,
            "activity_end_time": 1710259200,
            "cat_id1": 8439,
            "scores": {},
            "group_price_origin": 7900
        },
        {
            "goods_id": 164585102309,
            "goods_name": "爱博尔春秋季女装新款纯色衬衫领长裙中年妈妈装时尚收腰连衣裙",
            "short_name": "爱博尔春秋季女装新款纯色衬衫领长裙中年妈妈装时尚收腰连衣裙",
            "thumb_url": "https://t00img.yangkeduo.com/goods/images/2020-08-12/c8e41024edbc0e05c0a6a8bfa714ccc4.jpeg",
            "hd_thumb_url": "https://t00img.yangkeduo.com/goods/images/2020-08-12/c8e41024edbc0e05c0a6a8bfa714ccc4.jpeg",
            "sales": 13917,
            "group_price": 7580,
            "normal_price": 19900,
            "market_price": 48900,
            "sales_tip": "已拼1.3万件",
            "link_url": "goods.html?goods_id=164585102309",
            "hd_url": "https://img.pddpic.com/mms-material-img/2020-08-12/7649dc50-9d70-4e0c-b2a0-32da7b737076.jpg.a.jpeg",
            "quantity": 3388,
            "activity_type": 34,
            "activity_start_time": 1647792000,
            "activity_end_time": 1710950400,
            "cat_id1": 8439,
            "scores": {},
            "group_price_origin": 8900
        },
        {
            "goods_id": 314670606489,
            "goods_name": "VEGA CHANG蝴蝶结别针时尚套装女春装格纹外套半身裙西服两件套",
            "short_name": "VEGA CHANG蝴蝶结别针时尚套装女春装格纹外套半身裙西服两件套",
            "thumb_url": "https://img.pddpic.com/gaudit-image/2022-02-15/d7725f446c1ad517e71b9db00de737f2.jpeg",
            "hd_thumb_url": "https://img.pddpic.com/gaudit-image/2022-02-15/d7725f446c1ad517e71b9db00de737f2.jpeg",
            "sales": 293,
            "group_price": 27048,
            "normal_price": 29900,
            "market_price": 30000,
            "sales_tip": "已拼293件",
            "link_url": "goods.html?goods_id=314670606489",
            "hd_url": "https://img.pddpic.com/mms-material-img/2022-02-15/e952a443-08d0-4f30-96dd-66488b3e7565.jpeg",
            "quantity": 153,
            "activity_type": 28,
            "activity_start_time": 1648214781,
            "activity_end_time": 1711373181,
            "cat_id1": 8439,
            "scores": {},
            "group_price_origin": 29400
        },
        {
            "goods_id": 301140173464,
            "goods_name": "三彩新款保暖鹅绒连帽外套休闲长款羽绒服狐狸毛领",
            "short_name": "三彩新款保暖鹅绒连帽外套休闲长款羽绒服狐狸毛领",
            "thumb_url": "https://img.pddpic.com/gaudit-image/2021-11-16/8490e35fbce5b80168edb48f1313787f.jpeg",
            "hd_thumb_url": "https://img.pddpic.com/gaudit-image/2021-11-16/8490e35fbce5b80168edb48f1313787f.jpeg",
            "sales": 95,
            "group_price": 88080,
            "normal_price": 166800,
            "market_price": 416900,
            "sales_tip": "已拼95件",
            "link_url": "goods.html?goods_id=301140173464",
            "hd_url": "https://img.pddpic.com/open-gw/2021-11-16/12d20819efc38561b343b773273729a5.jpg",
            "quantity": 628,
            "activity_type": 28,
            "activity_start_time": 1648533154,
            "activity_end_time": 1711691554,
            "cat_id1": 8439,
            "scores": {},
            "group_price_origin": 129600
        },
        {
            "goods_id": 307915410776,
            "goods_name": "BEASTER小恶魔笑脸连帽卫衣涂鸦鬼脸印花情侣装潮牌落肩潮流帽衫",
            "short_name": "BEASTER小恶魔笑脸连帽卫衣涂鸦鬼脸印花情侣装潮牌落肩潮流帽衫",
            "thumb_url": "https://img.pddpic.com/gaudit-image/2021-12-02/f92941e07e77c4b9d06eabdf1a7832c4.jpeg",
            "hd_thumb_url": "https://img.pddpic.com/gaudit-image/2021-12-02/f92941e07e77c4b9d06eabdf1a7832c4.jpeg",
            "sales": 10452,
            "group_price": 10800,
            "normal_price": 36900,
            "market_price": 39000,
            "sales_tip": "已拼1万件",
            "link_url": "goods.html?goods_id=307915410776",
            "hd_url": "https://img.pddpic.com/open-gw/2021-12-02/6e82aa1bcab48633e2d49135fde7388d.jpeg",
            "quantity": 1762,
            "activity_type": 34,
            "activity_start_time": 1644508800,
            "activity_end_time": 1667318399,
            "cat_id1": 8439,
            "scores": {},
            "group_price_origin": 23900
        },
        {
            "goods_id": 276303831181,
            "goods_name": "UE.LUX 【版型宽松】22春季新款大翻领中长款双排扣女式风衣外套",
            "short_name": "UE.LUX 【版型宽松】22春季新款大翻领中长款双排扣女式风衣外套",
            "thumb_url": "https://img.pddpic.com/gaudit-image/2021-09-25/55d48a00943fec02417fd7f71f3af5d8.jpeg",
            "hd_thumb_url": "https://img.pddpic.com/gaudit-image/2021-09-25/55d48a00943fec02417fd7f71f3af5d8.jpeg",
            "sales": 471,
            "group_price": 15300,
            "normal_price": 28800,
            "market_price": 99900,
            "sales_tip": "已拼471件",
            "link_url": "goods.html?goods_id=276303831181",
            "hd_url": "https://img.pddpic.com/open-gw/2021-09-25/afc71036-90d4-45fa-8825-2909fd22ad73.jpeg",
            "quantity": 88,
            "activity_type": 28,
            "activity_start_time": 1648473736,
            "activity_end_time": 1711632136,
            "cat_id1": 8439,
            "scores": {},
            "group_price_origin": 19900
        },
        {
            "goods_id": 329531684440,
            "goods_name": "斯尔丽针织开衫女春装2022年新款韩版宽松毛衣外套女春秋季潮百搭",
            "short_name": "斯尔丽针织开衫女春装2022年新款韩版宽松毛衣外套女春秋季潮百搭",
            "thumb_url": "https://img.pddpic.com/gaudit-image/2022-03-26/cee3a9856aaac379707369010e528f65.jpeg",
            "hd_thumb_url": "https://img.pddpic.com/gaudit-image/2022-03-26/cee3a9856aaac379707369010e528f65.jpeg",
            "sales": 1769,
            "group_price": 6900,
            "normal_price": 9900,
            "market_price": 10000,
            "sales_tip": "已拼1769件",
            "link_url": "goods.html?goods_id=329531684440",
            "hd_url": "https://img.pddpic.com/mms-material-img/2022-03-26/457c4707-f938-40c3-8f0a-01b92fbcd58d.jpeg.a.jpeg",
            "quantity": 4116,
            "activity_type": 34,
            "activity_start_time": 1645977600,
            "activity_end_time": 1709222400,
            "cat_id1": 8439,
            "scores": {},
            "group_price_origin": 7900
        },
        {
            "goods_id": 315109281010,
            "goods_name": "真维斯短袖女t恤学生韩版宽松绿色系衣服2022新款纯棉大码半袖春",
            "short_name": "真维斯短袖女t恤学生韩版宽松绿色系衣服2022新款纯棉大码半袖春",
            "thumb_url": "https://img.pddpic.com/gaudit-image/2021-12-22/089997c9f9f8b85b2f68b15c277a44f6.jpeg",
            "hd_thumb_url": "https://img.pddpic.com/gaudit-image/2021-12-22/089997c9f9f8b85b2f68b15c277a44f6.jpeg",
            "sales": 996,
            "group_price": 3500,
            "normal_price": 9900,
            "market_price": 10000,
            "sales_tip": "已拼996件",
            "link_url": "goods.html?goods_id=315109281010",
            "hd_url": "https://img.pddpic.com/mms-material-img/2021-12-21/a1280c81-b583-4a6b-8217-70ad0ef06e35.jpeg.a.jpeg",
            "quantity": 38477,
            "activity_type": 34,
            "activity_start_time": 1645718400,
            "activity_end_time": 1709222400,
            "cat_id1": 8439,
            "scores": {},
            "group_price_origin": 9800
        },
        {
            "goods_id": 311342801097,
            "goods_name": "HELLO KOMA水貂绒短外套女秋冬新款宽松针织开衫韩版百搭毛呢外套",
            "short_name": "HELLO KOMA水貂绒短外套女秋冬新款宽松针织开衫韩版百搭毛呢外套",
            "thumb_url": "https://img.pddpic.com/gaudit-image/2021-12-10/557f362c5cce0ed39c00dbbffe52a6ea.jpeg",
            "hd_thumb_url": "https://img.pddpic.com/gaudit-image/2021-12-10/557f362c5cce0ed39c00dbbffe52a6ea.jpeg",
            "sales": 1343,
            "group_price": 6091,
            "normal_price": 28800,
            "market_price": 30800,
            "sales_tip": "已拼1343件",
            "link_url": "goods.html?goods_id=311342801097",
            "hd_url": "https://img.pddpic.com/mms-material-img/2021-12-10/31ce501a-04b6-4561-86e1-5b9c402cab52.jpeg.a.jpeg",
            "quantity": 8485,
            "activity_type": 28,
            "activity_start_time": 1646017989,
            "activity_end_time": 1709089989,
            "cat_id1": 8439,
            "scores": {},
            "group_price_origin": 13800
        },
        {
            "goods_id": 223616266462,
            "goods_name": "梦舒雅阔腿裤女宽松垂感春秋2022新款显瘦灰色直筒运动休闲卫裤子",
            "short_name": "梦舒雅阔腿裤女宽松垂感春秋2022新款显瘦灰色直筒运动休闲卫裤子",
            "thumb_url": "https://t00img.yangkeduo.com/goods/images/2021-03-09/e7e331573b389b002635066314f55709.jpeg",
            "hd_thumb_url": "https://t00img.yangkeduo.com/goods/images/2021-03-09/e7e331573b389b002635066314f55709.jpeg",
            "sales": 2872,
            "group_price": 7900,
            "normal_price": 29900,
            "market_price": 39900,
            "sales_tip": "已拼2872件",
            "link_url": "goods.html?goods_id=223616266462",
            "hd_url": "https://img.pddpic.com/mms-material-img/2021-03-09/91605412-a3eb-4915-9bab-e646188189ec.jpeg.a.jpeg",
            "quantity": 1301,
            "activity_type": 28,
            "activity_start_time": 1647701697,
            "activity_end_time": 1710860097,
            "cat_id1": 8439,
            "scores": {},
            "group_price_origin": 29800
        },
        {
            "goods_id": 327692050635,
            "goods_name": "CALFLAND春秋款中老年女气质假两件套连衣裙洋气显瘦减龄大码裙子",
            "short_name": "CALFLAND春秋款中老年女气质假两件套连衣裙洋气显瘦减龄大码裙子",
            "thumb_url": "https://img.pddpic.com/gaudit-image/2022-02-17/b7532258951143c7d715b1c6bd2db454.jpeg",
            "hd_thumb_url": "https://img.pddpic.com/gaudit-image/2022-02-17/b7532258951143c7d715b1c6bd2db454.jpeg",
            "sales": 1182,
            "group_price": 5990,
            "normal_price": 13900,
            "market_price": 26800,
            "sales_tip": "已拼1182件",
            "link_url": "goods.html?goods_id=327692050635",
            "hd_url": "https://img.pddpic.com/mms-material-img/2022-02-17/8b7f3594-aa2c-4b12-8caa-a15fe2026b08.jpeg.a.jpeg",
            "quantity": 8644,
            "activity_type": 28,
            "activity_start_time": 1647326657,
            "activity_end_time": 1710485057,
            "cat_id1": 8439,
            "scores": {},
            "group_price_origin": 12800
        },
        {
            "goods_id": 273094152154,
            "goods_name": "Reshake直筒牛仔裤女宽松2022年春夏新款显瘦水洗九分高腰烟管裤",
            "short_name": "Reshake直筒牛仔裤女宽松2022年春夏新款显瘦水洗九分高腰烟管裤",
            "thumb_url": "https://img.pddpic.com/gaudit-image/2021-08-26/441d09de2ebd4c1c7a60c839def70458.jpeg",
            "hd_thumb_url": "https://img.pddpic.com/gaudit-image/2021-08-26/441d09de2ebd4c1c7a60c839def70458.jpeg",
            "sales": 1232,
            "group_price": 7980,
            "normal_price": 13800,
            "market_price": 19800,
            "sales_tip": "总售1521件",
            "link_url": "goods.html?goods_id=273094152154",
            "hd_url": "https://img.pddpic.com/mms-material-img/2021-08-26/d70fa8ca-a7bc-40e0-9d8c-d3181f48857c.jpeg.a.jpeg",
            "quantity": 10366,
            "activity_type": 34,
            "activity_start_time": 1647446400,
            "activity_end_time": 1710604800,
            "cat_id1": 8439,
            "scores": {},
            "group_price_origin": 10800
        },
        {
            "goods_id": 292337442720,
            "goods_name": "赛兔69%羊毛大衣女2022新款冬优雅经典简约收腰系带双面呢外套女",
            "short_name": "赛兔69%羊毛大衣女2022新款冬优雅经典简约收腰系带双面呢外套女",
            "thumb_url": "https://img.pddpic.com/gaudit-image/2021-10-25/9056e7754ffcf08deb9a016214a47a61.jpeg",
            "hd_thumb_url": "https://img.pddpic.com/gaudit-image/2021-10-25/9056e7754ffcf08deb9a016214a47a61.jpeg",
            "sales": 393,
            "group_price": 45800,
            "normal_price": 95000,
            "market_price": 359900,
            "sales_tip": "总售1229件",
            "link_url": "goods.html?goods_id=292337442720",
            "hd_url": "https://img.pddpic.com/open-gw/2021-10-25/28bc64a0-2dfe-4a28-b1e2-d00c6c6afb89.jpeg",
            "quantity": 646,
            "activity_type": 34,
            "activity_start_time": 1636300800,
            "activity_end_time": 1699372800,
            "cat_id1": 8439,
            "scores": {},
            "group_price_origin": 94900
        },
        {
            "goods_id": 305726437147,
            "goods_name": "HELLO KOMA冬季新款女士加绒加厚保暖衬衫格子百搭时尚简约修身款",
            "short_name": "HELLO KOMA冬季新款女士加绒加厚保暖衬衫格子百搭时尚简约修身款",
            "thumb_url": "https://img.pddpic.com/gaudit-image/2021-11-27/f8aea46fd772da3efff9f7f5a7f7e7db.jpeg",
            "hd_thumb_url": "https://img.pddpic.com/gaudit-image/2021-11-27/f8aea46fd772da3efff9f7f5a7f7e7db.jpeg",
            "sales": 7362,
            "group_price": 3780,
            "normal_price": 8990,
            "market_price": 9090,
            "sales_tip": "已拼7362件",
            "link_url": "goods.html?goods_id=305726437147",
            "hd_url": "https://img.pddpic.com/mms-material-img/2021-11-27/45fbe578-f20b-409c-8b1b-13cfbc196aa0.jpeg.a.jpeg",
            "quantity": 1756,
            "activity_type": 28,
            "activity_start_time": 1646116848,
            "activity_end_time": 1709275248,
            "cat_id1": 8439,
            "scores": {},
            "group_price_origin": 6990
        },
        {
            "goods_id": 292323722609,
            "goods_name": "雅鹿短款羽绒服女2021年新款轻薄内胆背心无领白鸭绒女款轻便外套",
            "short_name": "雅鹿短款羽绒服女2021年新款轻薄内胆背心无领白鸭绒女款轻便外套",
            "thumb_url": "https://img.pddpic.com/gaudit-image/2021-10-25/e266c49ad14cc4d734af7545788e0f04.jpeg",
            "hd_thumb_url": "https://img.pddpic.com/gaudit-image/2021-10-25/e266c49ad14cc4d734af7545788e0f04.jpeg",
            "sales": 3463,
            "group_price": 9799,
            "normal_price": 10900,
            "market_price": 49900,
            "sales_tip": "已拼3463件",
            "link_url": "goods.html?goods_id=292323722609",
            "hd_url": "https://img.pddpic.com/mms-material-img/2021-10-25/03ba771f-e9da-4017-881d-77470681d49b.jpeg.a.jpeg",
            "quantity": 30299,
            "activity_type": 28,
            "activity_start_time": 1648385457,
            "activity_end_time": 1711543857,
            "cat_id1": 8439,
            "scores": {},
            "group_price_origin": 9900
        },
        {
            "goods_id": 303838293995,
            "goods_name": "HELLO KOMA冬季新款卫衣女宽松2021情侣装学生加绒加厚百搭上衣服",
            "short_name": "HELLO KOMA冬季新款卫衣女宽松2021情侣装学生加绒加厚百搭上衣服",
            "thumb_url": "https://img.pddpic.com/gaudit-image/2021-11-22/d9efd77fdbe2ef7e37903cfb4b0924fc.jpeg",
            "hd_thumb_url": "https://img.pddpic.com/gaudit-image/2021-11-22/d9efd77fdbe2ef7e37903cfb4b0924fc.jpeg",
            "sales": 4035,
            "group_price": 2990,
            "normal_price": 5900,
            "market_price": 7800,
            "sales_tip": "已拼4035件",
            "link_url": "goods.html?goods_id=303838293995",
            "hd_url": "https://img.pddpic.com/mms-material-img/2021-11-22/6bc0abc3-da50-4201-808b-8d3e6a88689c.jpeg.a.jpeg",
            "quantity": 9688,
            "activity_type": 34,
            "activity_start_time": 1647964800,
            "activity_end_time": 1711123200,
            "cat_id1": 8439,
            "scores": {},
            "group_price_origin": 4900
        },
        {
            "goods_id": 291171118689,
            "goods_name": "【黑科技匹马棉】风衣女中长款春秋款英伦风过膝收腰气质休闲外套",
            "short_name": "【黑科技匹马棉】风衣女中长款春秋款英伦风过膝收腰气质休闲外套",
            "thumb_url": "https://img.pddpic.com/gaudit-image/2021-12-29/a32fa98542160df7c3aad11975ce7daf.jpeg",
            "hd_thumb_url": "https://img.pddpic.com/gaudit-image/2021-12-29/a32fa98542160df7c3aad11975ce7daf.jpeg",
            "sales": 180,
            "group_price": 31752,
            "normal_price": 32900,
            "market_price": 33000,
            "sales_tip": "已拼180件",
            "link_url": "goods.html?goods_id=291171118689",
            "hd_url": "https://img.pddpic.com/mms-material-img/2021-12-29/5c742837-6276-4a8a-a79a-4d1cf526aeb7.jpeg",
            "quantity": 742,
            "activity_type": 28,
            "activity_start_time": 1648214781,
            "activity_end_time": 1711373181,
            "cat_id1": 8439,
            "scores": {},
            "group_price_origin": 32400
        },
        {
            "goods_id": 292283205054,
            "goods_name": "森马棉服女炫彩亮面仿羊羔毛拼接2021冬新款oversize保暖棉袄",
            "short_name": "森马棉服女炫彩亮面仿羊羔毛拼接2021冬新款oversize保暖棉袄",
            "thumb_url": "https://img.pddpic.com/gaudit-image/2021-10-25/ccd98a89b4441eb26e8b126eb05436f4.jpeg",
            "hd_thumb_url": "https://img.pddpic.com/gaudit-image/2021-10-25/ccd98a89b4441eb26e8b126eb05436f4.jpeg",
            "sales": 322,
            "group_price": 16700,
            "normal_price": 69800,
            "market_price": 69900,
            "sales_tip": "已拼322件",
            "link_url": "goods.html?goods_id=292283205054",
            "hd_url": "https://img.pddpic.com/open-gw/2021-10-25/ba28c151081b5e7779ed82f119028c37.jpg",
            "quantity": 602,
            "activity_type": 34,
            "activity_start_time": 1648137600,
            "activity_end_time": 1648951200,
            "cat_id1": 8439,
            "scores": {},
            "group_price_origin": 19900
        },
        {
            "goods_id": 334674888640,
            "goods_name": "PASS 100%棉短袖t恤女2022新款ins潮流学生宽松韩版百搭半袖上衣",
            "short_name": "PASS 100%棉短袖t恤女2022新款ins潮流学生宽松韩版百搭半袖上衣",
            "thumb_url": "https://img.pddpic.com/gaudit-image/2022-03-08/5a9a22d8935f16bfabe828703203827e.jpeg",
            "hd_thumb_url": "https://img.pddpic.com/gaudit-image/2022-03-08/5a9a22d8935f16bfabe828703203827e.jpeg",
            "sales": 1112,
            "group_price": 2190,
            "normal_price": 10900,
            "market_price": 11000,
            "sales_tip": "已拼1112件",
            "link_url": "goods.html?goods_id=334674888640",
            "hd_url": "https://img.pddpic.com/mms-material-img/2022-03-08/b98479f8-5c46-4f69-9b2a-06d4ae66bd48.png.a.jpeg",
            "quantity": 28688,
            "activity_type": 34,
            "activity_start_time": 1646928000,
            "activity_end_time": 1710086400,
            "cat_id1": 8439,
            "scores": {},
            "group_price_origin": 3990
        },
        {
            "goods_id": 325055462216,
            "goods_name": "UNIFREE21年秋季新款可爱小熊个性拼色休闲风保暖棒球服外套",
            "short_name": "UNIFREE21年秋季新款可爱小熊个性拼色休闲风保暖棒球服外套",
            "thumb_url": "https://img.pddpic.com/gaudit-image/2022-01-21/67ec252b01af151bb54c8a35e29929c0.jpeg",
            "hd_thumb_url": "https://img.pddpic.com/gaudit-image/2022-01-21/67ec252b01af151bb54c8a35e29929c0.jpeg",
            "sales": 355,
            "group_price": 16800,
            "normal_price": 79800,
            "market_price": 119700,
            "sales_tip": "已拼355件",
            "link_url": "goods.html?goods_id=325055462216",
            "hd_url": "https://img.pddpic.com/open-gw/2022-01-21/10a790eaefb5e902c2835c22c171d588.jpg",
            "quantity": 464,
            "activity_type": 34,
            "activity_start_time": 1645111488,
            "activity_end_time": 1708183488,
            "cat_id1": 8439,
            "scores": {},
            "group_price_origin": 18900
        },
        {
            "goods_id": 271361346722,
            "goods_name": "真维斯裤子女宽松百搭潮流阔腿裤ins原宿风洋气休闲裤学生直筒裤",
            "short_name": "真维斯裤子女宽松百搭潮流阔腿裤ins原宿风洋气休闲裤学生直筒裤",
            "thumb_url": "https://img.pddpic.com/gaudit-image/2021-08-30/7fdd350cb0859d720def16fd70780aa5.jpeg",
            "hd_thumb_url": "https://img.pddpic.com/gaudit-image/2021-08-30/7fdd350cb0859d720def16fd70780aa5.jpeg",
            "sales": 5910,
            "group_price": 5900,
            "normal_price": 19900,
            "market_price": 20000,
            "sales_tip": "已拼5910件",
            "link_url": "goods.html?goods_id=271361346722",
            "hd_url": "https://img.pddpic.com/mms-material-img/2021-08-30/852775df-72b3-453b-b65a-5abc8c304a2c.jpeg.a.jpeg",
            "quantity": 10376,
            "activity_type": 28,
            "activity_start_time": 1648385457,
            "activity_end_time": 1711543857,
            "cat_id1": 8439,
            "scores": {},
            "group_price_origin": 6900
        },
        {
            "goods_id": 318632080661,
            "goods_name": "五季家大码女装小香风连衣裙胖mm春装别致设计感气质收腰显瘦裙子",
            "short_name": "五季家大码女装小香风连衣裙胖mm春装别致设计感气质收腰显瘦裙子",
            "thumb_url": "https://img.pddpic.com/gaudit-image/2022-01-06/07f41a82c30f62008aea7b38ae1390dd.jpeg",
            "hd_thumb_url": "https://img.pddpic.com/gaudit-image/2022-01-06/07f41a82c30f62008aea7b38ae1390dd.jpeg",
            "sales": 326,
            "group_price": 16507,
            "normal_price": 20900,
            "market_price": 99900,
            "sales_tip": "已拼326件",
            "link_url": "goods.html?goods_id=318632080661",
            "hd_url": "https://img.pddpic.com/open-gw/2021-12-30/0be3399e6e6d699c4c0143848c080d99.jpeg",
            "quantity": 743,
            "activity_type": 28,
            "activity_start_time": 1647346992,
            "activity_end_time": 1710505392,
            "cat_id1": 8439,
            "scores": {},
            "group_price_origin": 18800
        },
        {
            "goods_id": 330871669777,
            "goods_name": "【拉夏贝尔】高腰弹力微喇叭开叉牛仔女2022年春季新款九分加长裤",
            "short_name": "【拉夏贝尔】高腰弹力微喇叭开叉牛仔女2022年春季新款九分加长裤",
            "thumb_url": "https://img.pddpic.com/gaudit-image/2022-02-26/a4a215e2c29b800c9080835e019ed96b.jpeg",
            "hd_thumb_url": "https://img.pddpic.com/gaudit-image/2022-02-26/a4a215e2c29b800c9080835e019ed96b.jpeg",
            "sales": 81259,
            "group_price": 4310,
            "normal_price": 15900,
            "market_price": 39900,
            "sales_tip": "已拼8.1万件",
            "link_url": "goods.html?goods_id=330871669777",
            "hd_url": "https://img.pddpic.com/mms-material-img/2022-02-26/531ff5c7-7e5b-4a76-9c31-a60c14990d6d.jpeg.a.jpeg",
            "quantity": 22694,
            "activity_type": 34,
            "activity_start_time": 1648006089,
            "activity_end_time": 1711164489,
            "cat_id1": 8439,
            "scores": {},
            "group_price_origin": 12900
        },
        {
            "goods_id": 307410380892,
            "goods_name": "拉夏贝尔冬季双面呢大衣女2021年新款中长款呢子无羊绒羊毛呢外套",
            "short_name": "拉夏贝尔冬季双面呢大衣女2021年新款中长款呢子无羊绒羊毛呢外套",
            "thumb_url": "https://img.pddpic.com/gaudit-image/2021-12-01/69fd79d9850e39d4f23259e8ca6887c5.jpeg",
            "hd_thumb_url": "https://img.pddpic.com/gaudit-image/2021-12-01/69fd79d9850e39d4f23259e8ca6887c5.jpeg",
            "sales": 901,
            "group_price": 27900,
            "normal_price": 75900,
            "market_price": 104900,
            "sales_tip": "已拼901件",
            "link_url": "goods.html?goods_id=307410380892",
            "hd_url": "https://img.pddpic.com/mms-material-img/2021-12-01/f004c03d-d2ed-4e2f-ae89-12debe29c1c5.jpeg.a.jpeg",
            "quantity": 1329,
            "activity_type": 28,
            "activity_start_time": 1647948466,
            "activity_end_time": 1711106866,
            "cat_id1": 8439,
            "scores": {},
            "group_price_origin": 74900
        },
        {
            "goods_id": 95159771690,
            "goods_name": "HELLO KOMA针织开衫女2021新款学生韩版宽松慵懒风上衣毛衣外套女",
            "short_name": "HELLO KOMA针织开衫女2021新款学生韩版宽松慵懒风上衣毛衣外套女",
            "thumb_url": "https://img.pddpic.com/gaudit-image/2021-10-03/75a50c3183b16c87428b1ac034f1e59e.jpeg",
            "hd_thumb_url": "https://img.pddpic.com/gaudit-image/2021-10-03/75a50c3183b16c87428b1ac034f1e59e.jpeg",
            "sales": 138647,
            "group_price": 2990,
            "normal_price": 4900,
            "market_price": 12300,
            "sales_tip": "已拼10万+件",
            "link_url": "goods.html?goods_id=95159771690",
            "hd_url": "https://img.pddpic.com/mms-material-img/2021-10-03/3658be58-0309-4740-96f4-4ae86663ec32.jpeg.a.jpeg",
            "quantity": 35311,
            "activity_type": 28,
            "activity_start_time": 1647769270,
            "activity_end_time": 1710927670,
            "cat_id1": 8439,
            "scores": {},
            "group_price_origin": 3990
        },
        {
            "goods_id": 193280526497,
            "goods_name": "鸭鸭轻薄羽绒服女2021年新款时尚轻便薄款反季清仓短款外套冬女款",
            "short_name": "鸭鸭轻薄羽绒服女2021年新款时尚轻便薄款反季清仓短款外套冬女款",
            "thumb_url": "https://img.pddpic.com/gaudit-image/2021-08-26/517fac9204918881695b399934975043.jpeg",
            "hd_thumb_url": "https://img.pddpic.com/gaudit-image/2021-08-26/517fac9204918881695b399934975043.jpeg",
            "sales": 34613,
            "group_price": 10900,
            "normal_price": 49900,
            "market_price": 90200,
            "sales_tip": "已拼3.4万件",
            "link_url": "goods.html?goods_id=193280526497",
            "hd_url": "https://img.pddpic.com/mms-material-img/2021-08-11/598296bd-f102-4b5e-9f9c-ba4d45c0e65a.jpeg.a.jpeg",
            "quantity": 58292,
            "activity_type": 28,
            "activity_start_time": 1644733502,
            "activity_end_time": 1707805502,
            "cat_id1": 8439,
            "scores": {},
            "group_price_origin": 11900
        },
        {
            "goods_id": 327294051085,
            "goods_name": "真维斯杏色短款卫衣女ins潮慵懒风圆领宽松长袖2022早春新款上衣t",
            "short_name": "真维斯杏色短款卫衣女ins潮慵懒风圆领宽松长袖2022早春新款上衣t",
            "thumb_url": "https://img.pddpic.com/gaudit-image/2022-02-16/99389a9b46797c67cc80f58407ee4a2c.jpeg",
            "hd_thumb_url": "https://img.pddpic.com/gaudit-image/2022-02-16/99389a9b46797c67cc80f58407ee4a2c.jpeg",
            "sales": 949,
            "group_price": 3740,
            "normal_price": 6990,
            "market_price": 19900,
            "sales_tip": "已拼949件",
            "link_url": "goods.html?goods_id=327294051085",
            "hd_url": "https://img.pddpic.com/mms-material-img/2022-02-16/57601bd0-d639-4842-955d-35826208e0aa.jpeg.a.jpeg",
            "quantity": 4839,
            "activity_type": 28,
            "activity_start_time": 1647143851,
            "activity_end_time": 1710302251,
            "cat_id1": 8439,
            "scores": {},
            "group_price_origin": 5990
        },
        {
            "goods_id": 216918543782,
            "goods_name": "森马休闲西装女2022年早春季新款潮流撞色复古西服职业女装通勤",
            "short_name": "森马休闲西装女2022年早春季新款潮流撞色复古西服职业女装通勤",
            "thumb_url": "https://img.pddpic.com/gaudit-image/2022-03-17/df60c4c1700e365aa88b4aaf8700cc3d.jpeg",
            "hd_thumb_url": "https://img.pddpic.com/gaudit-image/2022-03-17/df60c4c1700e365aa88b4aaf8700cc3d.jpeg",
            "sales": 2751,
            "group_price": 5580,
            "normal_price": 19499,
            "market_price": 29900,
            "sales_tip": "总售2956件",
            "link_url": "goods.html?goods_id=216918543782",
            "hd_url": "https://t00img.yangkeduo.com/openapi/images/2021-01-11/f1ae5b512a2be3816715af94e817f3f3.jpg",
            "quantity": 27,
            "activity_type": 34,
            "activity_start_time": 1642608000,
            "activity_end_time": 1705680000,
            "cat_id1": 8439,
            "scores": {},
            "group_price_origin": 17999
        },
        {
            "goods_id": 322913435388,
            "goods_name": "她池2022春装新款裙子黑色大码长款高腰显瘦半身裙女时尚气质洋气",
            "short_name": "她池2022春装新款裙子黑色大码长款高腰显瘦半身裙女时尚气质洋气",
            "thumb_url": "https://img.pddpic.com/gaudit-image/2022-01-16/f07cb4af708a476e5627c7a893c6f7fe.jpeg",
            "hd_thumb_url": "https://img.pddpic.com/gaudit-image/2022-01-16/f07cb4af708a476e5627c7a893c6f7fe.jpeg",
            "sales": 484,
            "group_price": 7900,
            "normal_price": 59800,
            "market_price": 59900,
            "sales_tip": "已拼484件",
            "link_url": "goods.html?goods_id=322913435388",
            "hd_url": "https://img.pddpic.com/open-gw/2022-01-11/d828fe4989ae1e5e1d4d22af1566c2a4.jpg",
            "quantity": 299,
            "activity_type": 34,
            "activity_start_time": 1648051200,
            "activity_end_time": 1711209600,
            "cat_id1": 8439,
            "scores": {},
            "group_price_origin": 15900
        },
        {
            "goods_id": 330570705027,
            "goods_name": "真维斯小熊短袖t恤女2022年新款情侣装夏装奶白色女生纯棉半袖潮",
            "short_name": "真维斯小熊短袖t恤女2022年新款情侣装夏装奶白色女生纯棉半袖潮",
            "thumb_url": "https://img.pddpic.com/gaudit-image/2022-02-25/14ab56fedc018dfeab31963fad974d5d.jpeg",
            "hd_thumb_url": "https://img.pddpic.com/gaudit-image/2022-02-25/14ab56fedc018dfeab31963fad974d5d.jpeg",
            "sales": 2870,
            "group_price": 3500,
            "normal_price": 5100,
            "market_price": 9900,
            "sales_tip": "已拼2870件",
            "link_url": "goods.html?goods_id=330570705027",
            "hd_url": "https://img.pddpic.com/mms-material-img/2022-02-25/a7bc972d-b21e-487d-8d1b-d6591f15c6e8.jpeg",
            "quantity": 11525,
            "activity_type": 34,
            "activity_start_time": 1645977600,
            "activity_end_time": 1709222400,
            "cat_id1": 8439,
            "scores": {},
            "group_price_origin": 4900
        },
        {
            "goods_id": 326982255464,
            "goods_name": "UNIFREE22年夏季新款工装风气质酷潮街头个性字母印花休闲女外套",
            "short_name": "UNIFREE22年夏季新款工装风气质酷潮街头个性字母印花休闲女外套",
            "thumb_url": "https://img.pddpic.com/gaudit-image/2022-02-28/9ed7265a77526553be8ab2ea60395bbb.jpeg",
            "hd_thumb_url": "https://img.pddpic.com/gaudit-image/2022-02-28/9ed7265a77526553be8ab2ea60395bbb.jpeg",
            "sales": 361,
            "group_price": 18335,
            "normal_price": 37800,
            "market_price": 59800,
            "sales_tip": "已拼361件",
            "link_url": "goods.html?goods_id=326982255464",
            "hd_url": "https://img.pddpic.com/mms-material-img/2022-02-28/a237536e-48ed-4be1-9bb9-2388be258aef.jpeg.a.jpeg",
            "quantity": 899,
            "activity_type": 34,
            "activity_start_time": 1647187200,
            "activity_end_time": 1710345600,
            "cat_id1": 8439,
            "scores": {},
            "group_price_origin": 19900
        },
        {
            "goods_id": 329023555618,
            "goods_name": "森马集团旗下棉致棋盘格子阔腿裤女春秋季垂感2022新款直筒拖地裤",
            "short_name": "森马集团旗下棉致棋盘格子阔腿裤女春秋季垂感2022新款直筒拖地裤",
            "thumb_url": "https://img.pddpic.com/gaudit-image/2022-02-21/f175fd5bbef13349e8553759810766e1.jpeg",
            "hd_thumb_url": "https://img.pddpic.com/gaudit-image/2022-02-21/f175fd5bbef13349e8553759810766e1.jpeg",
            "sales": 1094,
            "group_price": 4580,
            "normal_price": 12900,
            "market_price": 13000,
            "sales_tip": "已拼1094件",
            "link_url": "goods.html?goods_id=329023555618",
            "hd_url": "https://img.pddpic.com/mms-material-img/2022-02-21/e9dc061f-07f5-4093-9a37-24525c17b3ca.jpeg.a.jpeg",
            "quantity": 3170,
            "activity_type": 28,
            "activity_start_time": 1646027443,
            "activity_end_time": 1709099443,
            "cat_id1": 8439,
            "scores": {},
            "group_price_origin": 4990
        },
        {
            "goods_id": 230931538874,
            "goods_name": "三彩新款性感开叉连衣裙拼接设计感抽褶高腰中长款裙子",
            "short_name": "三彩新款性感开叉连衣裙拼接设计感抽褶高腰中长款裙子",
            "thumb_url": "https://t00img.yangkeduo.com/goods/images/2021-04-02/110a7e166424f3b10be8e8ebd97419f1.jpeg",
            "hd_thumb_url": "https://t00img.yangkeduo.com/goods/images/2021-04-02/110a7e166424f3b10be8e8ebd97419f1.jpeg",
            "sales": 1433,
            "group_price": 12349,
            "normal_price": 47800,
            "market_price": 103900,
            "sales_tip": "已拼1433件",
            "link_url": "goods.html?goods_id=230931538874",
            "hd_url": "https://img.pddpic.com/open-gw/2021-04-02/e81c47e9882cf81adbab490b1a3b0106.jpg",
            "quantity": 25,
            "activity_type": 34,
            "activity_start_time": 1646496000,
            "activity_end_time": 1711900800,
            "cat_id1": 8439,
            "scores": {},
            "group_price_origin": 19300
        },
        {
            "goods_id": 277913233753,
            "goods_name": "Reshake直筒牛仔裤女高腰显瘦2022年春装新款修身弹力气质九分裤",
            "short_name": "Reshake直筒牛仔裤女高腰显瘦2022年春装新款修身弹力气质九分裤",
            "thumb_url": "https://img.pddpic.com/gaudit-image/2021-09-11/dc42222838c9b174f5ccd2cc9f22c73c.jpeg",
            "hd_thumb_url": "https://img.pddpic.com/gaudit-image/2021-09-11/dc42222838c9b174f5ccd2cc9f22c73c.jpeg",
            "sales": 541,
            "group_price": 7900,
            "normal_price": 13800,
            "market_price": 19800,
            "sales_tip": "已拼541件",
            "link_url": "goods.html?goods_id=277913233753",
            "hd_url": "https://img.pddpic.com/mms-material-img/2021-09-11/2a4a5a8b-30e1-4a13-93eb-cb676098683d.jpeg.a.jpeg",
            "quantity": 31414,
            "activity_type": 34,
            "activity_start_time": 1646064000,
            "activity_end_time": 1709222400,
            "cat_id1": 8439,
            "scores": {},
            "group_price_origin": 11800
        },
        {
            "goods_id": 281342180134,
            "goods_name": "赛兔100%羊毛外套女2022新款简约纯色短款小个子双面呢大衣女洋气",
            "short_name": "赛兔100%羊毛外套女2022新款简约纯色短款小个子双面呢大衣女洋气",
            "thumb_url": "https://img.pddpic.com/gaudit-image/2021-10-15/185d9bf00f31dbb6af59878251f040a2.jpeg",
            "hd_thumb_url": "https://img.pddpic.com/gaudit-image/2021-10-15/185d9bf00f31dbb6af59878251f040a2.jpeg",
            "sales": 486,
            "group_price": 32800,
            "normal_price": 87000,
            "market_price": 87100,
            "sales_tip": "已拼486件",
            "link_url": "goods.html?goods_id=281342180134",
            "hd_url": "https://img.pddpic.com/mms-material-img/2021-09-23/3a331d12-d2f0-411b-b7c8-7d2d3be1acf3.jpeg.a.jpeg",
            "quantity": 161,
            "activity_type": 34,
            "activity_start_time": 1635868800,
            "activity_end_time": 1698940800,
            "cat_id1": 8439,
            "scores": {},
            "group_price_origin": 86900
        },
        {
            "goods_id": 90387512927,
            "goods_name": "HELLO KOMA针织衫上衣2021秋新款格喇叭袖套头假两件宽松毛衣女潮",
            "short_name": "HELLO KOMA针织衫上衣2021秋新款格喇叭袖套头假两件宽松毛衣女潮",
            "thumb_url": "https://img.pddpic.com/gaudit-image/2022-02-19/a983f64c2f3fa99fb5451379a3beaaf8.jpeg",
            "hd_thumb_url": "https://img.pddpic.com/gaudit-image/2022-02-19/a983f64c2f3fa99fb5451379a3beaaf8.jpeg",
            "sales": 172440,
            "group_price": 2999,
            "normal_price": 4900,
            "market_price": 11800,
            "sales_tip": "已拼10万+件",
            "link_url": "goods.html?goods_id=90387512927",
            "hd_url": "https://img.pddpic.com/mms-material-img/2021-11-20/585153cb-ff51-494b-bad4-a76809924809.jpeg.a.jpeg",
            "quantity": 35903,
            "activity_type": 28,
            "activity_start_time": 1648124862,
            "activity_end_time": 1711283262,
            "cat_id1": 8439,
            "scores": {},
            "group_price_origin": 3990
        },
        {
            "goods_id": 269656212947,
            "goods_name": "雅鹿羽绒服女2021年新款小个子立领轻薄款时尚秋冬白鸭绒外套短款",
            "short_name": "雅鹿羽绒服女2021年新款小个子立领轻薄款时尚秋冬白鸭绒外套短款",
            "thumb_url": "https://img.pddpic.com/gaudit-image/2021-08-14/c9981a1bf14869722df90a6ecb6adb0c.jpeg",
            "hd_thumb_url": "https://img.pddpic.com/gaudit-image/2021-08-14/c9981a1bf14869722df90a6ecb6adb0c.jpeg",
            "sales": 2359,
            "group_price": 8933,
            "normal_price": 19800,
            "market_price": 35800,
            "sales_tip": "已拼2359件",
            "link_url": "goods.html?goods_id=269656212947",
            "hd_url": "https://img.pddpic.com/mms-material-img/2021-08-13/844f6d6d-4d20-4de4-8a37-0dbee9b4b1b5.jpeg.a.jpeg",
            "quantity": 21262,
            "activity_type": 34,
            "activity_start_time": 1645718400,
            "activity_end_time": 1708790400,
            "cat_id1": 8439,
            "scores": {},
            "group_price_origin": 13800
        },
        {
            "goods_id": 322437266219,
            "goods_name": "苏醒的乐园撞色边气质风衣22春季新款时尚系带显瘦宽松中长款外套",
            "short_name": "苏醒的乐园撞色边气质风衣22春季新款时尚系带显瘦宽松中长款外套",
            "thumb_url": "https://img.pddpic.com/gaudit-image/2022-01-10/b55091724d8068a67d3f476feb8041d4.jpeg",
            "hd_thumb_url": "https://img.pddpic.com/gaudit-image/2022-01-10/b55091724d8068a67d3f476feb8041d4.jpeg",
            "sales": 408,
            "group_price": 19400,
            "normal_price": 33900,
            "market_price": 129900,
            "sales_tip": "已拼408件",
            "link_url": "goods.html?goods_id=322437266219",
            "hd_url": "https://img.pddpic.com/open-gw/2022-01-10/53937186d64c97d39071aac35ee16fda.jpg",
            "quantity": 205,
            "activity_type": 34,
            "activity_start_time": 1644336000,
            "activity_end_time": 1707408000,
            "cat_id1": 8439,
            "scores": {},
            "group_price_origin": 22900
        },
        {
            "goods_id": 221345842811,
            "goods_name": "对白纯色双排扣西装外套女春秋新款2021时尚通勤高级西服气质宽松",
            "short_name": "对白纯色双排扣西装外套女春秋新款2021时尚通勤高级西服气质宽松",
            "thumb_url": "https://t00img.yangkeduo.com/goods/images/2021-03-29/52359bf2a4d8266944bafef0bbb1dfa5.jpeg",
            "hd_thumb_url": "https://t00img.yangkeduo.com/goods/images/2021-03-29/52359bf2a4d8266944bafef0bbb1dfa5.jpeg",
            "sales": 7416,
            "group_price": 15700,
            "normal_price": 29900,
            "market_price": 81900,
            "sales_tip": "已拼7416件",
            "link_url": "goods.html?goods_id=221345842811",
            "hd_url": "https://img.pddpic.com/mms-material-img/2021-03-29/5d91fa38-259d-4fa6-b9c8-8f99cc6cf548.jpeg.a.jpeg",
            "quantity": 1132,
            "activity_type": 28,
            "activity_start_time": 1647588818,
            "activity_end_time": 1710747218,
            "cat_id1": 8439,
            "scores": {},
            "group_price_origin": 25990
        },
        {
            "goods_id": 265889585840,
            "goods_name": "KeyLady 2022春季新款衬衫上衣女简约时尚拼接雪纺白色气质百搭",
            "short_name": "KeyLady 2022春季新款衬衫上衣女简约时尚拼接雪纺白色气质百搭",
            "thumb_url": "https://t00img.yangkeduo.com/goods/images/2021-07-30/b753f6536b2abb4cce095b82cbd3ce72.jpeg",
            "hd_thumb_url": "https://t00img.yangkeduo.com/goods/images/2021-07-30/b753f6536b2abb4cce095b82cbd3ce72.jpeg",
            "sales": 985,
            "group_price": 6800,
            "normal_price": 14900,
            "market_price": 19900,
            "sales_tip": "已拼985件",
            "link_url": "goods.html?goods_id=265889585840",
            "hd_url": "https://img.pddpic.com/mms-material-img/2021-07-30/15144695-b17b-4351-8bcd-0815e5f843b7.jpeg.a.jpeg",
            "quantity": 1093,
            "activity_type": 28,
            "activity_start_time": 1635228544,
            "activity_end_time": 1711611329,
            "cat_id1": 8439,
            "scores": {},
            "group_price_origin": 9900
        },
        {
            "goods_id": 331079605469,
            "goods_name": "PASS 100%纯棉3D立体小脚卡通短袖T恤衫2022早春新品宽松潮牌上衣",
            "short_name": "PASS 100%纯棉3D立体小脚卡通短袖T恤衫2022早春新品宽松潮牌上衣",
            "thumb_url": "https://img.pddpic.com/gaudit-image/2022-03-05/fa49deecf3516e578b5dc8f19c7de355.jpeg",
            "hd_thumb_url": "https://img.pddpic.com/gaudit-image/2022-03-05/fa49deecf3516e578b5dc8f19c7de355.jpeg",
            "sales": 10962,
            "group_price": 2480,
            "normal_price": 5500,
            "market_price": 5800,
            "sales_tip": "已拼1万件",
            "link_url": "goods.html?goods_id=331079605469",
            "hd_url": "https://img.pddpic.com/mms-material-img/2022-03-05/c706a484-fa2c-4a2d-b81b-f2ab131f99e5.jpeg.a.jpeg",
            "quantity": 22860,
            "activity_type": 34,
            "activity_start_time": 1646841600,
            "activity_end_time": 1710000000,
            "cat_id1": 8439,
            "scores": {},
            "group_price_origin": 4990
        },
        {
            "goods_id": 315009606591,
            "goods_name": "对白高级感仿羊羔毛绒外套女软糯舒适2021冬季新款保暖慵懒风上衣",
            "short_name": "对白高级感仿羊羔毛绒外套女软糯舒适2021冬季新款保暖慵懒风上衣",
            "thumb_url": "https://img.pddpic.com/gaudit-image/2021-12-21/53de58ad224bdc53d1f49b5b27c9c62e.jpeg",
            "hd_thumb_url": "https://img.pddpic.com/gaudit-image/2021-12-21/53de58ad224bdc53d1f49b5b27c9c62e.jpeg",
            "sales": 192,
            "group_price": 37000,
            "normal_price": 63900,
            "market_price": 159900,
            "sales_tip": "已拼192件",
            "link_url": "goods.html?goods_id=315009606591",
            "hd_url": "https://img.pddpic.com/mms-material-img/2021-12-21/47114b60-8bcd-454c-840f-793aafdcf665.jpeg.a.jpeg",
            "quantity": 511,
            "activity_type": 34,
            "activity_start_time": 1648483200,
            "activity_end_time": 1711900800,
            "cat_id1": 8439,
            "scores": {},
            "group_price_origin": 59900
        },
        {
            "goods_id": 282533331182,
            "goods_name": "梦舒雅加绒烟管裤女纯棉直筒休闲裤韩版洗水棉简约百搭裤子保暖",
            "short_name": "梦舒雅加绒烟管裤女纯棉直筒休闲裤韩版洗水棉简约百搭裤子保暖",
            "thumb_url": "https://img.pddpic.com/gaudit-image/2021-12-25/2f3c275012f49fb15880e6e992c44635.jpeg",
            "hd_thumb_url": "https://img.pddpic.com/gaudit-image/2021-12-25/2f3c275012f49fb15880e6e992c44635.jpeg",
            "sales": 712,
            "group_price": 6900,
            "normal_price": 11900,
            "market_price": 29900,
            "sales_tip": "已拼712件",
            "link_url": "goods.html?goods_id=282533331182",
            "hd_url": "https://img.pddpic.com/mms-material-img/2021-12-25/870090d8-d372-4e51-b25e-1802ed5591b4.jpeg.a.jpeg",
            "quantity": 1887,
            "activity_type": 28,
            "activity_start_time": 1641823454,
            "activity_end_time": 1708429478,
            "cat_id1": 8439,
            "scores": {},
            "group_price_origin": 10900
        },
        {
            "goods_id": 312800369726,
            "goods_name": "XWI 2022年春季新款时尚气质蕾丝翻领撞色优雅腰带收腰显瘦连衣裙",
            "short_name": "XWI 2022年春季新款时尚气质蕾丝翻领撞色优雅腰带收腰显瘦连衣裙",
            "thumb_url": "https://img.pddpic.com/gaudit-image/2021-12-16/add1d787e55c7053cdb14f9ad23d5577.jpeg",
            "hd_thumb_url": "https://img.pddpic.com/gaudit-image/2021-12-16/add1d787e55c7053cdb14f9ad23d5577.jpeg",
            "sales": 350,
            "group_price": 16900,
            "normal_price": 38900,
            "market_price": 39900,
            "sales_tip": "已拼350件",
            "link_url": "goods.html?goods_id=312800369726",
            "hd_url": "https://img.pddpic.com/open-gw/2021-12-14/5c03c6e9a4e5412c1683435cf1eeef34.jpeg",
            "quantity": 14,
            "activity_type": 34,
            "activity_start_time": 1641312000,
            "activity_end_time": 1704384000,
            "cat_id1": 8439,
            "scores": {},
            "group_price_origin": 24900
        },
        {
            "goods_id": 326449431994,
            "goods_name": "Deerway/德尔惠2022春夏新款小个子辣妹牛仔裤女显瘦高腰喇叭裤女",
            "short_name": "Deerway/德尔惠2022春夏新款小个子辣妹牛仔裤女显瘦高腰喇叭裤女",
            "thumb_url": "https://img.pddpic.com/gaudit-image/2022-02-13/7c35ec586debcf415e24cc40fff1bc5d.jpeg",
            "hd_thumb_url": "https://img.pddpic.com/gaudit-image/2022-02-13/7c35ec586debcf415e24cc40fff1bc5d.jpeg",
            "sales": 603,
            "group_price": 5580,
            "normal_price": 9900,
            "market_price": 10000,
            "sales_tip": "已拼603件",
            "link_url": "goods.html?goods_id=326449431994",
            "hd_url": "https://img.pddpic.com/mms-material-img/2022-02-13/6e1b45c4-c896-4413-84d2-64a75f9ab5f5.jpeg.a.jpeg",
            "quantity": 381638,
            "activity_type": 34,
            "activity_start_time": 1646064000,
            "activity_end_time": 1709222400,
            "cat_id1": 8439,
            "scores": {},
            "group_price_origin": 8900
        },
        {
            "goods_id": 305021526740,
            "goods_name": "马克华菲白色宽松韩版纯棉卫衣2022春秋新款洋气印花长袖上衣女装",
            "short_name": "马克华菲白色宽松韩版纯棉卫衣2022春秋新款洋气印花长袖上衣女装",
            "thumb_url": "https://img.pddpic.com/gaudit-image/2021-12-06/1675bd3a287ddaefbd1c1a6c10b253e9.jpeg",
            "hd_thumb_url": "https://img.pddpic.com/gaudit-image/2021-12-06/1675bd3a287ddaefbd1c1a6c10b253e9.jpeg",
            "sales": 579,
            "group_price": 8669,
            "normal_price": 13900,
            "market_price": 41800,
            "sales_tip": "已拼579件",
            "link_url": "goods.html?goods_id=305021526740",
            "hd_url": "https://img.pddpic.com/mms-material-img/2021-11-25/606caf7d-22d4-4968-8508-127cb88c07b2.jpeg",
            "quantity": 1828,
            "activity_type": 28,
            "activity_start_time": 1648484272,
            "activity_end_time": 1711642672,
            "cat_id1": 8439,
            "scores": {},
            "group_price_origin": 12900
        },
        {
            "goods_id": 307832969680,
            "goods_name": "百思寒网纱百褶半身裙女2022春秋新款a字裙显瘦长裙高档洋气纱裙",
            "short_name": "百思寒网纱百褶半身裙女2022春秋新款a字裙显瘦长裙高档洋气纱裙",
            "thumb_url": "https://img.pddpic.com/gaudit-image/2021-12-02/58d2ef2acb7921cb26a674992c978054.jpeg",
            "hd_thumb_url": "https://img.pddpic.com/gaudit-image/2021-12-02/58d2ef2acb7921cb26a674992c978054.jpeg",
            "sales": 4919,
            "group_price": 4399,
            "normal_price": 7900,
            "market_price": 19900,
            "sales_tip": "已拼4919件",
            "link_url": "goods.html?goods_id=307832969680",
            "hd_url": "https://img.pddpic.com/mms-material-img/2021-12-02/4371821d-a411-4380-9a65-88959e3773c5.jpeg.a.jpeg",
            "quantity": 8828,
            "activity_type": 34,
            "activity_start_time": 1648556700,
            "activity_end_time": 1651334399,
            "cat_id1": 8439,
            "scores": {},
            "group_price_origin": 6900
        },
        {
            "goods_id": 290587821929,
            "goods_name": "香影轻薄羽绒服女短款2021冬季新款时尚白鸭绒小个子刺绣连帽外套",
            "short_name": "香影轻薄羽绒服女短款2021冬季新款时尚白鸭绒小个子刺绣连帽外套",
            "thumb_url": "https://img.pddpic.com/gaudit-image/2021-11-26/5979fa8f8c9cc0c8ae67a26743e9e951.jpeg",
            "hd_thumb_url": "https://img.pddpic.com/gaudit-image/2021-11-26/5979fa8f8c9cc0c8ae67a26743e9e951.jpeg",
            "sales": 198,
            "group_price": 44400,
            "normal_price": 98092,
            "market_price": 118892,
            "sales_tip": "已拼198件",
            "link_url": "goods.html?goods_id=290587821929",
            "hd_url": "https://img.pddpic.com/mms-material-img/2021-11-26/ac5beffc-cd86-4209-900e-37d3fc07c3e5.jpeg.a.jpeg",
            "quantity": 73,
            "activity_type": 34,
            "activity_start_time": 1642262400,
            "activity_end_time": 1705334400,
            "cat_id1": 8439,
            "scores": {},
            "group_price_origin": 59900
        },
        {
            "goods_id": 325788943668,
            "goods_name": "苏醒的乐园时尚气质风衣外套22春翻领宽松双排扣中长收腰显瘦外衣",
            "short_name": "苏醒的乐园时尚气质风衣外套22春翻领宽松双排扣中长收腰显瘦外衣",
            "thumb_url": "https://img.pddpic.com/gaudit-image/2022-02-08/ab6b01c7b1af3f3c31d42a6abca5be72.jpeg",
            "hd_thumb_url": "https://img.pddpic.com/gaudit-image/2022-02-08/ab6b01c7b1af3f3c31d42a6abca5be72.jpeg",
            "sales": 303,
            "group_price": 19700,
            "normal_price": 33900,
            "market_price": 129900,
            "sales_tip": "已拼303件",
            "link_url": "goods.html?goods_id=325788943668",
            "hd_url": "https://img.pddpic.com/open-gw/2022-02-08/3a4a1c04fca546b4f662ef01f88706fb.jpg",
            "quantity": 51,
            "activity_type": 34,
            "activity_start_time": 1644681600,
            "activity_end_time": 1707753600,
            "cat_id1": 8439,
            "scores": {},
            "group_price_origin": 21900
        },
        {
            "goods_id": 334401202727,
            "goods_name": "艾格高档2022春秋季新款女装上衣慵懒日系名媛小香风开衫外套女潮",
            "short_name": "艾格高档2022春秋季新款女装上衣慵懒日系名媛小香风开衫外套女潮",
            "thumb_url": "https://img.pddpic.com/gaudit-image/2022-03-11/5864a8b2aa8fb1cfb4e1c97851346ddf.jpeg",
            "hd_thumb_url": "https://img.pddpic.com/gaudit-image/2022-03-11/5864a8b2aa8fb1cfb4e1c97851346ddf.jpeg",
            "sales": 101068,
            "group_price": 3920,
            "normal_price": 8900,
            "market_price": 19900,
            "sales_tip": "已拼10万+件",
            "link_url": "goods.html?goods_id=334401202727",
            "hd_url": "https://img.pddpic.com/mms-material-img/2022-03-07/43e92b2d-7af4-4a31-b567-1d58ddfccb02.jpeg.a.jpeg",
            "quantity": 1018681,
            "activity_type": 28,
            "activity_start_time": 1647362640,
            "activity_end_time": 1648742399,
            "cat_id1": 8439,
            "scores": {},
            "group_price_origin": 7990
        },
        {
            "goods_id": 299271912768,
            "goods_name": "HELLO KOMA纯棉女士格子长袖衬衫春秋全棉磨毛衬衣休闲大码女装寸",
            "short_name": "HELLO KOMA纯棉女士格子长袖衬衫春秋全棉磨毛衬衣休闲大码女装寸",
            "thumb_url": "https://img.pddpic.com/gaudit-image/2021-11-11/7b441cc9f17c749e7916bdde035c840b.jpeg",
            "hd_thumb_url": "https://img.pddpic.com/gaudit-image/2021-11-11/7b441cc9f17c749e7916bdde035c840b.jpeg",
            "sales": 791,
            "group_price": 4990,
            "normal_price": 7990,
            "market_price": 28800,
            "sales_tip": "已拼791件",
            "link_url": "goods.html?goods_id=299271912768",
            "hd_url": "https://img.pddpic.com/mms-material-img/2021-10-27/9f19b80c-d74d-4a5c-ba1d-a634301e1cdb.jpeg.a.jpeg",
            "quantity": 3349,
            "activity_type": 28,
            "activity_start_time": 1646796933,
            "activity_end_time": 1709955333,
            "cat_id1": 8439,
            "scores": {},
            "group_price_origin": 6990
        },
        {
            "goods_id": 288107099514,
            "goods_name": "BEASTER小恶魔鬼脸街头拼贴爱心短袖T恤趣味时尚潮流休闲圆领上衣",
            "short_name": "BEASTER小恶魔鬼脸街头拼贴爱心短袖T恤趣味时尚潮流休闲圆领上衣",
            "thumb_url": "https://img.pddpic.com/gaudit-image/2021-10-14/d295d6568eab07651633801984745711.jpeg",
            "hd_thumb_url": "https://img.pddpic.com/gaudit-image/2021-10-14/d295d6568eab07651633801984745711.jpeg",
            "sales": 1714,
            "group_price": 7300,
            "normal_price": 26900,
            "market_price": 27100,
            "sales_tip": "已拼1714件",
            "link_url": "goods.html?goods_id=288107099514",
            "hd_url": "https://img.pddpic.com/open-gw/2021-10-14/196bf5c499002b973bb6a58bd2263a48.jpeg",
            "quantity": 3378,
            "activity_type": 28,
            "activity_start_time": 1637919889,
            "activity_end_time": 1700991889,
            "cat_id1": 8439,
            "scores": {},
            "group_price_origin": 12900
        },
        {
            "goods_id": 139321852472,
            "goods_name": "美特斯邦威女休闲拼色套头茄克",
            "short_name": "美特斯邦威女休闲拼色套头茄克",
            "thumb_url": "https://img.pddpic.com/gaudit-image/2021-12-27/2546a4e85fd2baf028ba67a63bc11536.jpeg",
            "hd_thumb_url": "https://img.pddpic.com/gaudit-image/2021-12-27/2546a4e85fd2baf028ba67a63bc11536.jpeg",
            "sales": 631,
            "group_price": 6500,
            "normal_price": 23890,
            "market_price": 23900,
            "sales_tip": "总售729件",
            "link_url": "goods.html?goods_id=139321852472",
            "hd_url": "https://img.pddpic.com/mms-material-img/2021-12-27/de4202d8-2188-4f60-b381-49c5e15e9086.jpeg.a.jpeg",
            "quantity": 216,
            "activity_type": 34,
            "activity_start_time": 1639580947,
            "activity_end_time": 1702652947,
            "cat_id1": 8439,
            "scores": {},
            "group_price_origin": 13200
        },
        {
            "goods_id": 278424980611,
            "goods_name": "梦舒雅黑色西装裤女直筒宽松高腰2022年春季新款职业烟管裤女西裤",
            "short_name": "梦舒雅黑色西装裤女直筒宽松高腰2022年春季新款职业烟管裤女西裤",
            "thumb_url": "https://img.pddpic.com/gaudit-image/2021-09-13/306b61b6051fad078bec75c90e3168b4.jpeg",
            "hd_thumb_url": "https://img.pddpic.com/gaudit-image/2021-09-13/306b61b6051fad078bec75c90e3168b4.jpeg",
            "sales": 4275,
            "group_price": 7900,
            "normal_price": 23900,
            "market_price": 59900,
            "sales_tip": "总售5032件",
            "link_url": "goods.html?goods_id=278424980611",
            "hd_url": "https://img.pddpic.com/open-gw/2021-09-13/66304a720ab2b5f0eaa1b04a6829ebcb.jpg",
            "quantity": 3651,
            "activity_type": 34,
            "activity_start_time": 1642435200,
            "activity_end_time": 1705507200,
            "cat_id1": 8439,
            "scores": {},
            "group_price_origin": 10500
        },
        {
            "goods_id": 332239173600,
            "goods_name": "MOHO&MO沫晗依美2022夏新款圆领短袖A字通勤时尚百搭显瘦连衣裙女",
            "short_name": "MOHO&MO沫晗依美2022夏新款圆领短袖A字通勤时尚百搭显瘦连衣裙女",
            "thumb_url": "https://img.pddpic.com/gaudit-image/2022-03-01/e449b2626988060c1d90950483494c11.jpeg",
            "hd_thumb_url": "https://img.pddpic.com/gaudit-image/2022-03-01/e449b2626988060c1d90950483494c11.jpeg",
            "sales": 673,
            "group_price": 14900,
            "normal_price": 25900,
            "market_price": 34900,
            "sales_tip": "已拼673件",
            "link_url": "goods.html?goods_id=332239173600",
            "hd_url": "https://img.pddpic.com/open-gw/2022-03-01/61a345ff8eb7297dd5dd980c0ad99410.jpeg",
            "quantity": 930,
            "activity_type": 34,
            "activity_start_time": 1646668800,
            "activity_end_time": 1709827200,
            "cat_id1": 8439,
            "scores": {},
            "group_price_origin": 24900
        },
        {
            "goods_id": 221803040833,
            "goods_name": "美特斯邦威高腰牛仔裤女宽松小脚新款春秋彩色潮流女士牛仔757634",
            "short_name": "美特斯邦威高腰牛仔裤女宽松小脚新款春秋彩色潮流女士牛仔757634",
            "thumb_url": "https://t00img.yangkeduo.com/goods/images/2021-03-02/5ed30af3a39847620c10234e2f80eca7.jpeg",
            "hd_thumb_url": "https://t00img.yangkeduo.com/goods/images/2021-03-02/5ed30af3a39847620c10234e2f80eca7.jpeg",
            "sales": 982,
            "group_price": 4923,
            "normal_price": 19800,
            "market_price": 19900,
            "sales_tip": "总售1020件",
            "link_url": "goods.html?goods_id=221803040833",
            "hd_url": "https://t00img.yangkeduo.com/openapi/images/27d10b3abc4e41609dbe61e1113f523e.jpg",
            "quantity": 6,
            "activity_type": 34,
            "activity_start_time": 1644422400,
            "activity_end_time": 1707494400,
            "cat_id1": 8439,
            "scores": {},
            "group_price_origin": 9500
        },
        {
            "goods_id": 220232846622,
            "goods_name": "美特斯邦威联名圆领卫衣女潮2020新款秋冬时尚印花套头衫女",
            "short_name": "美特斯邦威联名圆领卫衣女潮2020新款秋冬时尚印花套头衫女",
            "thumb_url": "https://t00img.yangkeduo.com/goods/images/2021-02-05/9bc6cb48851f98496fd3cc3534977353.jpeg",
            "hd_thumb_url": "https://t00img.yangkeduo.com/goods/images/2021-02-05/9bc6cb48851f98496fd3cc3534977353.jpeg",
            "sales": 619,
            "group_price": 6510,
            "normal_price": 23890,
            "market_price": 23900,
            "sales_tip": "总售708件",
            "link_url": "goods.html?goods_id=220232846622",
            "hd_url": "https://t00img.yangkeduo.com/openapi/images/a50ebcee900544d7916b7a1e0ca8c1a6.jpg",
            "quantity": 920,
            "activity_type": 28,
            "activity_start_time": 1647532800,
            "activity_end_time": 1648742399,
            "cat_id1": 8439,
            "scores": {},
            "group_price_origin": 11990
        },
        {
            "goods_id": 115847827507,
            "goods_name": "帕波仕蒂100%绵羊皮 真皮皮衣外套女2022新款春秋休闲机车皮夹克",
            "short_name": "帕波仕蒂100%绵羊皮 真皮皮衣外套女2022新款春秋休闲机车皮夹克",
            "thumb_url": "https://img.pddpic.com/gaudit-image/2022-02-13/7fbf57dc1443709e4d2457fa8b1f3670.jpeg",
            "hd_thumb_url": "https://img.pddpic.com/gaudit-image/2022-02-13/7fbf57dc1443709e4d2457fa8b1f3670.jpeg",
            "sales": 651,
            "group_price": 27800,
            "normal_price": 79900,
            "market_price": 389900,
            "sales_tip": "已拼651件",
            "link_url": "goods.html?goods_id=115847827507",
            "hd_url": "https://t00img.yangkeduo.com/goods/images/2020-05-02/6675c93c-b2a2-4fe7-89f3-b677154947f6.jpg",
            "quantity": 274,
            "activity_type": 34,
            "activity_start_time": 1639152000,
            "activity_end_time": 1702224000,
            "cat_id1": 8439,
            "scores": {},
            "group_price_origin": 55800
        },
        {
            "goods_id": 266908912270,
            "goods_name": "鸭鸭中长款女士羽绒服反季特卖潮流连帽纯色外套保暖时尚防风女装",
            "short_name": "鸭鸭中长款女士羽绒服反季特卖潮流连帽纯色外套保暖时尚防风女装",
            "thumb_url": "https://img.pddpic.com/gaudit-image/2022-01-01/c6d8e991bf62ecee2406a222b5b3d35e.jpeg",
            "hd_thumb_url": "https://img.pddpic.com/gaudit-image/2022-01-01/c6d8e991bf62ecee2406a222b5b3d35e.jpeg",
            "sales": 119,
            "group_price": 37800,
            "normal_price": 59900,
            "market_price": 60000,
            "sales_tip": "已拼119件",
            "link_url": "goods.html?goods_id=266908912270",
            "hd_url": "https://img.pddpic.com/mms-material-img/2022-01-01/8a0f85aa-941e-446b-8fb9-1330b6275ad8.jpeg.a.jpeg",
            "quantity": 3606,
            "activity_type": 28,
            "activity_start_time": 1643255225,
            "activity_end_time": 1706327225,
            "cat_id1": 8439,
            "scores": {},
            "group_price_origin": 42900
        },
        {
            "goods_id": 325801675852,
            "goods_name": "真维斯运动服套装女潮2022年春季新款学生时尚休闲炸街跑步两件套",
            "short_name": "真维斯运动服套装女潮2022年春季新款学生时尚休闲炸街跑步两件套",
            "thumb_url": "https://img.pddpic.com/gaudit-image/2022-02-08/d50d7f931053d1d8a6e131e66d67ab66.jpeg",
            "hd_thumb_url": "https://img.pddpic.com/gaudit-image/2022-02-08/d50d7f931053d1d8a6e131e66d67ab66.jpeg",
            "sales": 368,
            "group_price": 14574,
            "normal_price": 30000,
            "market_price": 30100,
            "sales_tip": "已拼368件",
            "link_url": "goods.html?goods_id=325801675852",
            "hd_url": "https://img.pddpic.com/mms-material-img/2022-02-08/6ad8eec3-afb4-4acc-86fa-2b3532c75690.jpeg.a.jpeg",
            "quantity": 19549,
            "activity_type": 34,
            "activity_start_time": 1646582400,
            "activity_end_time": 1711900800,
            "cat_id1": 8439,
            "scores": {},
            "group_price_origin": 27900
        },
        {
            "goods_id": 301153439721,
            "goods_name": "PASS夏季2022新款韩版针织打底衫女性感交叉V领显瘦内搭短袖上衣",
            "short_name": "PASS夏季2022新款韩版针织打底衫女性感交叉V领显瘦内搭短袖上衣",
            "thumb_url": "https://img.pddpic.com/gaudit-image/2022-03-22/831391dbc4face8d5cf60ad62da7f35c.jpeg",
            "hd_thumb_url": "https://img.pddpic.com/gaudit-image/2022-03-22/831391dbc4face8d5cf60ad62da7f35c.jpeg",
            "sales": 11618,
            "group_price": 2980,
            "normal_price": 4500,
            "market_price": 11900,
            "sales_tip": "已拼1.1万件",
            "link_url": "goods.html?goods_id=301153439721",
            "hd_url": "https://img.pddpic.com/mms-material-img/2022-03-22/79cb0363-1155-4942-aac2-8cc1c1baf71b.jpeg",
            "quantity": 82896,
            "activity_type": 34,
            "activity_start_time": 1648137600,
            "activity_end_time": 1711296000,
            "cat_id1": 8439,
            "scores": {},
            "group_price_origin": 3390
        },
        {
            "goods_id": 330608366335,
            "goods_name": "HELLO KOMA韩长袖外套女春秋中长款格子衬衫宽松衬衣休闲上衣开衫",
            "short_name": "HELLO KOMA韩长袖外套女春秋中长款格子衬衫宽松衬衣休闲上衣开衫",
            "thumb_url": "https://img.pddpic.com/gaudit-image/2022-02-25/d1aa57b23d27b24c3859d2a263040646.jpeg",
            "hd_thumb_url": "https://img.pddpic.com/gaudit-image/2022-02-25/d1aa57b23d27b24c3859d2a263040646.jpeg",
            "sales": 5854,
            "group_price": 3980,
            "normal_price": 8390,
            "market_price": 8490,
            "sales_tip": "已拼5854件",
            "link_url": "goods.html?goods_id=330608366335",
            "hd_url": "https://img.pddpic.com/mms-material-img/2022-02-25/12b3a906-38ab-4e78-aed1-e89b29af33ce.jpeg",
            "quantity": 113337,
            "activity_type": 28,
            "activity_start_time": 1648180700,
            "activity_end_time": 1711339100,
            "cat_id1": 8439,
            "scores": {},
            "group_price_origin": 8290
        },
        {
            "goods_id": 336765972815,
            "goods_name": "OUKABUYI夏季新款盐甜系穿搭学院风短袖纯棉T恤女炸街港味ins上衣",
            "short_name": "OUKABUYI夏季新款盐甜系穿搭学院风短袖纯棉T恤女炸街港味ins上衣",
            "thumb_url": "https://img.pddpic.com/gaudit-image/2022-03-16/b561de5d2187122dcfe26043cf8d9513.jpeg",
            "hd_thumb_url": "https://img.pddpic.com/gaudit-image/2022-03-16/b561de5d2187122dcfe26043cf8d9513.jpeg",
            "sales": 72,
            "group_price": 2260,
            "normal_price": 5390,
            "market_price": 8990,
            "sales_tip": "已拼72件",
            "link_url": "goods.html?goods_id=336765972815",
            "hd_url": "https://img.pddpic.com/mms-material-img/2022-03-16/3f8a663a-4b22-4532-9831-36eba93a6ab9.jpeg.a.jpeg",
            "quantity": 621664,
            "activity_type": 34,
            "activity_start_time": 1647792000,
            "activity_end_time": 1710950400,
            "cat_id1": 8439,
            "scores": {},
            "group_price_origin": 4980
        },
        {
            "goods_id": 326837960646,
            "goods_name": "MOHO&MO沫晗依美2022春季新款简约时尚纯色优雅清新百搭短款外套",
            "short_name": "MOHO&MO沫晗依美2022春季新款简约时尚纯色优雅清新百搭短款外套",
            "thumb_url": "https://img.pddpic.com/gaudit-image/2022-02-14/484e8de99d07e744f8af96de99c30b1d.jpeg",
            "hd_thumb_url": "https://img.pddpic.com/gaudit-image/2022-02-14/484e8de99d07e744f8af96de99c30b1d.jpeg",
            "sales": 464,
            "group_price": 17900,
            "normal_price": 32900,
            "market_price": 41900,
            "sales_tip": "已拼464件",
            "link_url": "goods.html?goods_id=326837960646",
            "hd_url": "https://img.pddpic.com/open-gw/2022-02-14/78910252f8365e6fe5b5bee289abe1a1.jpeg",
            "quantity": 155,
            "activity_type": 28,
            "activity_start_time": 1648553025,
            "activity_end_time": 1711711425,
            "cat_id1": 8439,
            "scores": {},
            "group_price_origin": 18990
        },
        {
            "goods_id": 324735247375,
            "goods_name": "梦舒雅阔腿裤女高腰宽松直筒2022春季新款百搭显瘦西装职业休闲裤",
            "short_name": "梦舒雅阔腿裤女高腰宽松直筒2022春季新款百搭显瘦西装职业休闲裤",
            "thumb_url": "https://img.pddpic.com/gaudit-image/2022-01-19/7997307a420b62904999384a3167e2bb.jpeg",
            "hd_thumb_url": "https://img.pddpic.com/gaudit-image/2022-01-19/7997307a420b62904999384a3167e2bb.jpeg",
            "sales": 711,
            "group_price": 8900,
            "normal_price": 26800,
            "market_price": 60000,
            "sales_tip": "已拼711件",
            "link_url": "goods.html?goods_id=324735247375",
            "hd_url": "https://img.pddpic.com/open-gw/2022-01-19/ded69bde3b19b52b3446679586fb7722.jpg",
            "quantity": 2592,
            "activity_type": 34,
            "activity_start_time": 1645200000,
            "activity_end_time": 1708272000,
            "cat_id1": 8439,
            "scores": {},
            "group_price_origin": 12900
        },
        {
            "goods_id": 225098153155,
            "goods_name": "森马2021新款连衣裙女复古收腰显瘦裙子小方领心机初恋裙学生",
            "short_name": "森马2021新款连衣裙女复古收腰显瘦裙子小方领心机初恋裙学生",
            "thumb_url": "https://t00img.yangkeduo.com/goods/images/2021-03-14/506a09f1095f35ba2b73d4779cef8ae3.jpeg",
            "hd_thumb_url": "https://t00img.yangkeduo.com/goods/images/2021-03-14/506a09f1095f35ba2b73d4779cef8ae3.jpeg",
            "sales": 1693,
            "group_price": 3591,
            "normal_price": 26900,
            "market_price": 27900,
            "sales_tip": "已拼1693件",
            "link_url": "goods.html?goods_id=225098153155",
            "hd_url": "https://img.pddpic.com/open-gw/2021-03-14/5b4b80270418eea1df51611c310bcba7.jpg",
            "quantity": 701,
            "activity_type": 34,
            "activity_start_time": 1642521600,
            "activity_end_time": 1705593600,
            "cat_id1": 8439,
            "scores": {},
            "group_price_origin": 9900
        },
        {
            "goods_id": 301566426151,
            "goods_name": "Reshake高腰直筒牛仔裤女2021年秋冬新款加绒显瘦小个子烟管裤子",
            "short_name": "Reshake高腰直筒牛仔裤女2021年秋冬新款加绒显瘦小个子烟管裤子",
            "thumb_url": "https://img.pddpic.com/gaudit-image/2021-11-30/17ed3b71fff8ff29a29069a1695539e2.jpeg",
            "hd_thumb_url": "https://img.pddpic.com/gaudit-image/2021-11-30/17ed3b71fff8ff29a29069a1695539e2.jpeg",
            "sales": 2095,
            "group_price": 6890,
            "normal_price": 19800,
            "market_price": 29800,
            "sales_tip": "总售5857件",
            "link_url": "goods.html?goods_id=301566426151",
            "hd_url": "https://img.pddpic.com/mms-material-img/2021-11-18/30bf5d84-4553-47c4-b2ac-d57051f0a93a.jpeg.a.jpeg",
            "quantity": 23653,
            "activity_type": 34,
            "activity_start_time": 1639065600,
            "activity_end_time": 1702137600,
            "cat_id1": 8439,
            "scores": {},
            "group_price_origin": 11800
        },
        {
            "goods_id": 321495247641,
            "goods_name": "雪中飞卫衣女2022新款春秋薄款原创设计潮流上衣韩版宽松外套长袖",
            "short_name": "雪中飞卫衣女2022新款春秋薄款原创设计潮流上衣韩版宽松外套长袖",
            "thumb_url": "https://img.pddpic.com/gaudit-image/2022-01-07/cce7ffd4c8cb68da5ad76cd3c4a92db1.jpeg",
            "hd_thumb_url": "https://img.pddpic.com/gaudit-image/2022-01-07/cce7ffd4c8cb68da5ad76cd3c4a92db1.jpeg",
            "sales": 1691,
            "group_price": 5900,
            "normal_price": 19900,
            "market_price": 25900,
            "sales_tip": "已拼1691件",
            "link_url": "goods.html?goods_id=321495247641",
            "hd_url": "https://img.pddpic.com/mms-material-img/2022-01-07/075bd9b0-bb7b-479b-9e84-ee8a440a4d19.jpeg",
            "quantity": 7232,
            "activity_type": 34,
            "activity_start_time": 1643040000,
            "activity_end_time": 1706112000,
            "cat_id1": 8439,
            "scores": {},
            "group_price_origin": 8900
        },
        {
            "goods_id": 325636421847,
            "goods_name": "蓝海奕诺棉袄外套女长款过膝韩版宽松2022年冬季新款加厚羽绒棉服",
            "short_name": "蓝海奕诺棉袄外套女长款过膝韩版宽松2022年冬季新款加厚羽绒棉服",
            "thumb_url": "https://img.pddpic.com/gaudit-image/2022-02-05/a75734fcf54fa664d2eba5de9a11a613.jpeg",
            "hd_thumb_url": "https://img.pddpic.com/gaudit-image/2022-02-05/a75734fcf54fa664d2eba5de9a11a613.jpeg",
            "sales": 579,
            "group_price": 8400,
            "normal_price": 38800,
            "market_price": 43800,
            "sales_tip": "已拼579件",
            "link_url": "goods.html?goods_id=325636421847",
            "hd_url": "https://img.pddpic.com/mms-material-img/2022-02-02/b6291859-d97a-481f-bd99-8ffb9bcc6bc0.jpeg.a.jpeg",
            "quantity": 79871,
            "activity_type": 34,
            "activity_start_time": 1646928000,
            "activity_end_time": 1710086400,
            "cat_id1": 8439,
            "scores": {},
            "group_price_origin": 33800
        },
        {
            "goods_id": 293731533711,
            "goods_name": "雅鹿轻薄羽绒服女2021年新款立领外穿轻便薄款修身短款保暖外套冬",
            "short_name": "雅鹿轻薄羽绒服女2021年新款立领外穿轻便薄款修身短款保暖外套冬",
            "thumb_url": "https://img.pddpic.com/gaudit-image/2022-02-26/e5bba23291f2f6d7a74f7da0611001ac.jpeg",
            "hd_thumb_url": "https://img.pddpic.com/gaudit-image/2022-02-26/e5bba23291f2f6d7a74f7da0611001ac.jpeg",
            "sales": 994,
            "group_price": 9900,
            "normal_price": 39900,
            "market_price": 40000,
            "sales_tip": "已拼994件",
            "link_url": "goods.html?goods_id=293731533711",
            "hd_url": "https://img.pddpic.com/mms-material-img/2022-02-26/e01f534e-107c-4f6f-82a1-ca2bdbe4713e.jpeg.a.jpeg",
            "quantity": 6560,
            "activity_type": 28,
            "activity_start_time": 1648382234,
            "activity_end_time": 1711540634,
            "cat_id1": 8439,
            "scores": {},
            "group_price_origin": 12500
        },
        {
            "goods_id": 280513617598,
            "goods_name": "爱大卫宽松针织休闲裤女ins潮牌高腰显瘦拖地裤女生百搭阔腿长裤",
            "short_name": "爱大卫宽松针织休闲裤女ins潮牌高腰显瘦拖地裤女生百搭阔腿长裤",
            "thumb_url": "https://img.pddpic.com/gaudit-image/2021-09-20/6eb65182d24b84faed421ca585bbb585.jpeg",
            "hd_thumb_url": "https://img.pddpic.com/gaudit-image/2021-09-20/6eb65182d24b84faed421ca585bbb585.jpeg",
            "sales": 6455,
            "group_price": 5380,
            "normal_price": 18800,
            "market_price": 18900,
            "sales_tip": "已拼6455件",
            "link_url": "goods.html?goods_id=280513617598",
            "hd_url": "https://img.pddpic.com/mms-material-img/2021-09-20/5e68fc4b-1b3c-4eac-8a71-a90709df5c29.jpeg.a.jpeg",
            "quantity": 3849,
            "activity_type": 34,
            "activity_start_time": 1648483200,
            "activity_end_time": 1711641600,
            "cat_id1": 8439,
            "scores": {},
            "group_price_origin": 9900
        },
        {
            "goods_id": 276803650383,
            "goods_name": "HELLO KOMA娃娃领毛衣秋冬新款毛衣宽松慵懒风减龄针织开衫外套女",
            "short_name": "HELLO KOMA娃娃领毛衣秋冬新款毛衣宽松慵懒风减龄针织开衫外套女",
            "thumb_url": "https://img.pddpic.com/gaudit-image/2021-10-02/766b7c803ac1e3f1c4f98a7c6d4a6a7f.jpeg",
            "hd_thumb_url": "https://img.pddpic.com/gaudit-image/2021-10-02/766b7c803ac1e3f1c4f98a7c6d4a6a7f.jpeg",
            "sales": 118069,
            "group_price": 3590,
            "normal_price": 6900,
            "market_price": 15900,
            "sales_tip": "已拼10万+件",
            "link_url": "goods.html?goods_id=276803650383",
            "hd_url": "https://img.pddpic.com/mms-material-img/2021-10-02/a7b18606-43fb-4a9e-8930-9d6b6aac5fc0.jpeg.a.jpeg",
            "quantity": 29117,
            "activity_type": 28,
            "activity_start_time": 1648115293,
            "activity_end_time": 1711273693,
            "cat_id1": 8439,
            "scores": {},
            "group_price_origin": 3990
        },
        {
            "goods_id": 230026283293,
            "goods_name": "MshGirl衬衫女士2022春季新款衬衣百搭显瘦高档上衣长袖韩版洋气",
            "short_name": "MshGirl衬衫女士2022春季新款衬衣百搭显瘦高档上衣长袖韩版洋气",
            "thumb_url": "https://t00img.yangkeduo.com/goods/images/2021-03-30/fbf32d4c43925324abc08ece38bf97ce.jpeg",
            "hd_thumb_url": "https://t00img.yangkeduo.com/goods/images/2021-03-30/fbf32d4c43925324abc08ece38bf97ce.jpeg",
            "sales": 8001,
            "group_price": 5200,
            "normal_price": 7900,
            "market_price": 34500,
            "sales_tip": "已拼8001件",
            "link_url": "goods.html?goods_id=230026283293",
            "hd_url": "https://img.pddpic.com/mms-material-img/2021-03-30/8c6f36f7-7c75-4329-a3cd-4dd32c6e5185.jpeg.a.jpeg",
            "quantity": 4052,
            "activity_type": 34,
            "activity_start_time": 1640527943,
            "activity_end_time": 1703599943,
            "cat_id1": 8439,
            "scores": {},
            "group_price_origin": 6900
        },
        {
            "goods_id": 330317022880,
            "goods_name": "可路莎清新短袖女学生韩版宽松纯棉夏季绿色上衣女潮流百搭t恤女",
            "short_name": "可路莎清新短袖女学生韩版宽松纯棉夏季绿色上衣女潮流百搭t恤女",
            "thumb_url": "https://img.pddpic.com/gaudit-image/2022-02-24/acc4edf28d3a74cef6b1798594a8ccdc.jpeg",
            "hd_thumb_url": "https://img.pddpic.com/gaudit-image/2022-02-24/acc4edf28d3a74cef6b1798594a8ccdc.jpeg",
            "sales": 1192,
            "group_price": 2990,
            "normal_price": 5990,
            "market_price": 12000,
            "sales_tip": "已拼1192件",
            "link_url": "goods.html?goods_id=330317022880",
            "hd_url": "https://img.pddpic.com/mms-material-img/2022-02-24/7bb05740-0ba6-4b5b-bab5-fa889fe69a55.jpeg.a.jpeg",
            "quantity": 31143,
            "activity_type": 28,
            "activity_start_time": 1646106722,
            "activity_end_time": 1709537464,
            "cat_id1": 8439,
            "scores": {},
            "group_price_origin": 4990
        },
        {
            "goods_id": 310450763944,
            "goods_name": "HELLO KOMA仿水貂绒短外套女秋冬新款双面绒上衣韩版宽松针织开衫",
            "short_name": "HELLO KOMA仿水貂绒短外套女秋冬新款双面绒上衣韩版宽松针织开衫",
            "thumb_url": "https://img.pddpic.com/gaudit-image/2021-12-12/0f832f1ce29d81b100a57c798c513225.jpeg",
            "hd_thumb_url": "https://img.pddpic.com/gaudit-image/2021-12-12/0f832f1ce29d81b100a57c798c513225.jpeg",
            "sales": 3749,
            "group_price": 6196,
            "normal_price": 18800,
            "market_price": 39800,
            "sales_tip": "已拼3749件",
            "link_url": "goods.html?goods_id=310450763944",
            "hd_url": "https://img.pddpic.com/mms-material-img/2021-12-10/0dfb4acd-8c9e-4c0c-bd1b-05c8adbe7dec.jpeg.a.jpeg",
            "quantity": 3769,
            "activity_type": 28,
            "activity_start_time": 1647591647,
            "activity_end_time": 1650556799,
            "cat_id1": 8439,
            "scores": {},
            "group_price_origin": 13800
        }
    ]
}